3509 5509
1569 689 1653 751 53

848 1023 999 1107 Gap.
1048 1027 1153 1087 49.
1200 1023 1290 1086 Et
1334 1044 1454 1109 quo
1497 1023 1753 1088 celerius
1802 1043 1877 1086 ac
1913 1021 2041 1100 sub,
2066 1043 2328 1086 manum
2351 1022 2733 1086 adnuntiari

926 1149 1315 1234 coynoscique
1350 1154 1574 1232 posset,
1621 1149 1779 1230 quid
1821 1149 1892 1212 in
1925 1148 2259 1232 provincia
2296 1168 2541 1232 quaque
2557 1168 2730 1232 yere-

922 1280 1117 1358 retur,
1176 1276 1426 1340 iuvenes
1464 1277 1674 1355 primo
1719 1275 1977 1339 modicis
2019 1273 2369 1338 intervallis
2404 1295 2525 1360 per
2570 1273 2735 1337 mili-

925 1401 1088 1465 taris
1150 1402 1306 1484 vias,
1365 1401 1588 1465 dehinc
1645 1401 1920 1465 vehicula
1970 1401 2289 1481 disposuit.
2341 1396 2733 1466 Commodius

926 1526 998 1590 id
1039 1525 1242 1590 visum
1283 1530 1391 1607 est,
1435 1530 1506 1590 ut
1550 1527 1662 1608 qui
1707 1547 1752 1589 a
1797 1525 1920 1590 loco
1955 1525 2295 1609 perferunt
2333 1525 2591 1607 litteraS,
2630 1523 2729 1588 in-

921 1653 1232 1736 terrogari
1273 1673 1530 1738 quoque,
1575 1654 1632 1716 si
1677 1652 1833 1737 quid
1874 1672 1975 1716 res
2018 1652 2294 1734 exiyant,
2332 1652 2596 1736 possint.

563 1912 700 1976 Iam
746 1913 1217 1998 antiquioribus
1264 1913 1618 1978 editoribus
1665 1913 1770 1975 hic
1817 1912 1996 1976 locus
2022 1915 2361 1996 suspectus
2386 1911 2569 1974 visus
2595 1916 2723 1991 est3

481 2039 776 2122 inprimis
823 2039 1315 2122 disputaverunt
1361 2039 1440 2103 de
1487 2038 1817 2103 vocabulis
1862 2059 1907 2101 a
1952 2036 2093 2102 loce.

567 2163 780 2229 Variis
831 2165 1038 2230 modis
1083 2184 1157 2231 ea
1202 2165 1543 2250 explicare,
1588 2165 2010 2249 interpretari,
2055 2165 2252 2227 immo
2296 2165 2488 2227 etiam
2514 2182 2729 2229 emen-

479 2290 630 2354 dare
697 2292 906 2354 conati
974 2297 1144 2356 sunt.
1213 2290 1580 2374 Explicavit
1647 2310 1697 2355 e.
1768 2311 1826 2374 g.
1889 2289 2325 2371 BurmannuS,
2388 2289 2501 2373 qui
2546 2292 2729 2370 putat

478 2434 521 2477 a
566 2413 689 2479 loco
735 2414 1096 2500 significare
1141 2436 1182 2479 a
1227 2414 1351 2480 loco
1396 2416 1490 2480 rei
1529 2419 1753 2498 qestae,
1801 2417 1992 2498 eique
2032 2413 2459 2498 adstipulatur
2484 2411 2729 2477 Canne-

475 2542 757 2624 gieterus
805 2541 930 2621 (Ad
977 2542 1324 2623 Avianum,
1368 2561 1510 2625 pag.
1565 2541 1729 2620 150).

565 2666 1095 2731 Emendaverunt
1171 2665 1590 2761 Oasaubonus
1660 2672 1723 2731 et
1792 2664 2127 2746 Graevius,
2195 2665 2309 2747 qui
2378 2663 2720 2746 legendum

479 2798 949 2876 proposuerunt
1017 2792 1324 2874 alicunde,
1391 2795 1431 2855 i.
1480 2812 1565 2857 e.:
1632 2812 1670 2855 a
1716 2793 1855 2855 loco
1906 2791 2205 2876 quodam,
2253 2811 2291 2854 a
2338 2808 2727 2873 quocunque

477 2917 634 2981 loco.
705 2916 830 2981 Sed
899 2918 1116 2981 omnia
1175 2918 1331 2983 haec
1394 2938 1574 2981 vana.
1622 2916 1783 2981 Nam
1834 2916 1979 2981 luce
2026 2917 2263 2980 clarius
2313 2922 2410 2980 est
2457 2918 2726 2979 iuvenes

477 3042 621 3105 illos
673 3043 891 3108 venire
937 3061 972 3106 e
1018 3042 1156 3106 1000
1203 3045 1296 3106 rei
1341 3049 1591 3127 gestae;
1640 3062 1773 3106 non
1821 3047 1918 3108 est
1956 3042 2259 3105 credibile
2298 3040 2443 3105 illos
2484 3041 2725 3106 litteras

475 3167 752 3251 perferre
821 3187 905 3232 ex
976 3169 1252 3251 quodam
1324 3169 1481 3250 loce,
1554 3166 1664 3233 ubi
1725 3169 1885 3249 nihil
1937 3174 2073 3232 erat
2118 3172 2413 3251 gestum3
2459 3167 2725 3230 minime

477 3314 638 3378 opus
685 3300 818 3358 erat
864 3295 1118 3361 disertis
1166 3295 1380 3359 verbis
1428 3296 1548 3359 hoc
1589 3294 1969 3380 significare.

564 3421 700 3487 Neo
762 3424 967 3507 magis
1029 3422 1184 3514 mihi
1229 3422 1468 3487 arridet
1511 3423 1698 3487 lectio
1744 3420 2057 3504 alicunde,
2105 3441 2251 3485 nam
2302 3421 2419 3485 hoc
2466 3439 2725 3505 quoque

476 3546 849 3611 adverbium
920 3548 989 3609 in
1057 3548 1377 3611 sententia
1422 3552 1640 3611 nostra
1686 3566 1950 3630 prorsus
1998 3545 2296 3610 abundat.
2348 3544 2719 3629 Numquam

476 3674 647 3737 enim
695 3672 820 3737 fuit
864 3674 1138 3756 iuvenis,
1185 3692 1544 3758 numquam
1597 3673 1770 3737 ullus
1817 3673 1955 3755 erit,
2003 3673 2115 3755 qui
2161 3672 2404 3735 litteras
2450 3670 2725 3754 perferre

477 3800 678 3882 possit
737 3819 780 3862 a
837 3797 1016 3863 nullo
1064 3796 1206 3863 loco.
1254 3798 1313 3861 A
1363 3798 1640 3883 quodam
1689 3798 1827 3862 loco
1874 3817 1983 3862 eos
2029 3798 2248 3861 venire
2293 3816 2407 3880 per
2453 3815 2521 3860 se
2568 3790 2726 3859 satis

475 3930 664 4009 patet,
729 3944 849 3989 neo
917 3925 1173 3991 credere
1242 3943 1505 4008 possum
1578 3944 1867 4008 unquam
1932 3922 2310 3989 Suetonium
2360 3924 2526 3987 hanc
2572 3941 2730 4005 rem,

479 4070 644 4135 quae
689 4071 804 4135 per
850 4070 919 4116 se
965 4057 1232 4134 constat,
1278 4051 1533 4115 disertis
1584 4051 1793 4115 verbis
1841 4052 2224 4115 narravisse.
2268 4038 2517 4113 Deind'e
2563 4048 2724 4112 nihil

476 4178 556 4241 ad
625 4197 756 4244 rem
802 4177 954 4241 facit
1006 4179 1175 4242 unde
1219 4179 1488 4242 veniant
1534 4178 1822 4259 iuvenes,
1869 4177 1981 4241 sed
2029 4196 2157 4260 quo
2205 4176 2393 4240 modo
2442 4177 2721 4242 veniant.

481 4303 658 4381 Quae
719 4323 874 4369 sane
928 4304 1244 4368 intellexit
1290 4303 1700 4367 doctissimus
1745 4301 2183 4382 Burmannus,
2229 4320 2375 4365 oum
2424 4305 2717 4365 annotet:

489 4430 591 4513 „A
640 4430 766 4495 loco
813 4432 917 4494 hic
964 4431 1345 4514 interpretor
1391 4428 1734 4505 celerrime‚·
1760 4429 1988 4504 statim,
2033 4425 2149 4491 sub
2194 4446 2414 4508 manu,
2460 4426 2723 4489 dicitur·
