3509 5509
1866 725 1949 788 36

769 938 862 1000 sic
905 938 1160 1020 legunt:
1211 935 1379 1001 solus
1420 936 1614 1000 victor
1659 941 1786 1000 tres
1829 936 2147 1000 exercitus.
2198 937 2537 1020 Augustus
2587 937 2765 1001 solus
2813 937 3015 1000 victor

770 1063 895 1126 dici
962 1067 1190 1148 potest,
1257 1083 1341 1128 ex
1403 1062 1610 1127 tribus
1657 1065 1828 1128 enim
1881 1062 2231 1127 victoribus
2278 1068 2341 1127 et
2386 1061 2898 1146 imperatoribuS,
2948 1068 3020 1127 ut

764 1189 912 1252 illos
981 1194 1165 1253 vocat
1235 1188 1472 1271 Cicer0,
1540 1194 1684 1272 post
1749 1189 2095 1253 consulum
2144 1194 2432 1273 mortem,
2476 1189 2654 1253 solus
2704 1194 3015 1272 superest.

763 1314 960 1380 Recte
1028 1334 1287 1399 quoque
1350 1317 1605 1379 monuit
1650 1314 1959 1378 Polakius
2006 1315 2393 1391 adiectivum
2438 1313 2631 1378 victor
2676 1315 2889 1398 potius
2937 1315 3015 1377 ad

765 1441 1136 1525 Augustum
1220 1440 1625 1506 referendum
1696 1460 1855 1524 esse,
1926 1461 2118 1525 quam
2191 1441 2269 1504 ad
2343 1442 2665 1505 exercitus
2734 1441 2813 1504 ab
2874 1442 3014 1524 ipso

765 1572 1122 1651 occupatos,

851 1690 1100 1756 Deinde
1166 1693 1536 1757 invehimus
1606 1692 1993 1757 vocabulum
2063 1698 2205 1756 trec.
2250 1690 2404 1756 Sine
2449 1691 2663 1774 dubio,
2711 1692 2885 1775 quod
2933 1693 3012 1755 ad

759 1837 894 1882 rem
943 1819 1531 1903 palaeographicam
1580 1820 1824 1901 attinet,
1868 1818 2009 1883 fieri
2056 1820 2265 1902 potuit
2311 1823 2385 1882 ut
2430 1837 2673 1902 paucae
2717 1818 2867 1882 illae
2912 1818 3012 1882 lit-

761 1949 934 2008 terae
1001 1951 1454 2010 evanescerent
1521 1950 1583 2010 et
1653 1946 2003 2010 verisimile
2070 1964 2212 2010 esse
2279 1963 2500 2009 revera
2547 1946 2637 2008 ita
2683 1951 3011 2010 auctorem

760 2071 1099 2154 scripsisse
1159 2076 1418 2156 apparet
1455 2090 1538 2135 ex
1585 2070 1794 2135 tribus
1840 2071 2018 2154 locis,
2061 2070 2173 2135 ubi
2220 2072 2439 2136 eadem
2487 2072 2751 2136 historia
2796 2091 3011 2135 narra·

757 2199 883 2258 tur.
952 2194 1214 2261 Primus
1284 2202 1381 2262 est
1448 2196 1619 2282 apud
1691 2197 2096 2281 Eutropium,
2158 2198 2269 2281 qui
2316 2197 2698 2264 Suetonium
2745 2197 3011 2261 reddere

757 2321 937 2404 solet,
1006 2320 1164 2400 (Lib.
1237 2320 1383 2386 VII.
1450 2341 1502 2385 c.
1569 2323 1649 2404 1.)
1698 2323 1810 2386 ubi
1857 2323 2013 2387 haec
2058 2323 2368 2407 legimus:
2426 2321 2742 2404 „Profecti
2788 2326 3009 2385 contra

754 2419 1113 2512 Antonium
1165 2454 1295 2514 tres
1344 2451 1540 2514 duces
1589 2450 1882 2514 vicerunt
1932 2469 2102 2514 eum.
2149 2449 2385 2514 Evenit
2429 2455 2641 2514 tamen
2690 2455 2763 2513 ut
2809 2450 3007 2513 victo-

756 2593 859 2639 res
931 2573 1243 2640 Consules
1315 2575 1502 2638 ambo
1575 2581 1993 2640 morerentur.
2066 2574 2277 2651 Quare
2342 2581 2469 2640 tres
2517 2578 2845 2640 exercitus
2893 2577 3008 2641 uni

749 2699 1002 2765 Caesari
1072 2699 1486 2786 paruerunt''.
1560 2698 1843 2786 Opponit
1909 2703 2110 2786 igitur
2176 2706 2303 2766 tres
2360 2702 2492 2785 uni,
2541 2706 2613 2767 ut
2657 2701 3005 2768 Suetonius

749 2825 917 2891 solus
986 2832 1129 2891 tres.
1198 2828 1382 2891 Alter
1441 2829 1624 2891 locus
1684 2835 1781 2892 est
1842 2829 2013 2912 apud
2062 2826 2363 2893 Orosium
2414 2828 2570 2907 (Lib.
2619 2828 2728 2892 VI.
2779 2848 2830 2893 c.
2886 2830 3005 2912 18),

751 2956 866 3038 qui
917 2959 1165 3018 narrat:
1223 2952 1617 3035 „Consulum
1662 2927 2022 3018 occisorum
2074 2959 2347 3039 uterque
2385 2956 2709 3020 exercitus
2751 2953 3005 3036 Caesari

752 3078 1025 3163 paruit''.

840 3206 965 3270 Hic
1014 3226 1274 3291 quoque
1311 3207 1586 3291 legimus
1627 3208 1920 3291 singulos
1941 3208 2242 3274 consules
2266 3228 2419 3273 suas
2445 3207 2747 3274 habuisse
2772 3210 3004 3294 copias,

747 3351 866 3396 nec
937 3324 1330 3397 coniunctim
1403 3336 1516 3397 uni
1579 3333 1932 3417 praefuisse
1993 3336 2325 3400 exercitui.
2373 3336 2715 3419 Augustus
2764 3341 3002 3419 contra,

749 3461 1057 3543 privatuS,
1126 3462 1485 3525 exercitum
1557 3461 1916 3545 collegerat,
1986 3462 2093 3525 cui
2157 3481 2271 3545 pro
2335 3467 2624 3544 praetore
2684 3483 2723 3526 a
2772 3468 2999 3527 senatu

747 3588 1145 3671 praepositus
1185 3592 1344 3667 erat,
1391 3605 1557 3670 quae
1596 3588 1813 3651 omnia
1857 3586 2319 3653 confirmantur
2365 3589 2506 3653 loco
2555 3590 2759 3672 tertio,
2806 3609 2998 3674 quem

743 3715 1116 3778 invenimus
1184 3714 1355 3798 apud
1423 3714 1712 3778 Tacitum
1785 3715 1976 3795 (Anu.
2040 3713 2175 3778 Lib.
2223 3713 2275 3780 I.
2324 3734 2375 3779 c.
2434 3715 2555 3797 10),
2603 3714 2747 3779 ubi:
2804 3714 2999 3796 „Mox

747 3840 859 3905 ubi
929 3842 1179 3905 decreto
1241 3846 1495 3925 patrum
1558 3839 1765 3905 fasces
1811 3844 1875 3905 et
1918 3842 2022 3904 ius
2069 3842 2377 3924 praetoris
2424 3842 2749 3924 invaserit,
2796 3843 2998 3906 caesis

745 3966 959 4030 Hirtio
1007 3973 1070 4031 et
1112 3966 1326 4030 Pansa
1351 4015 1364 4029 .
1393 4016 1405 4029 .
1432 4014 1483 4029 ..
1537 3967 1879 4050 utriusque
1924 3967 2139 4049 copias
2186 3965 2662 4050 occupavisse.’'

834 4090 1152 4155 Omnibus
1200 4092 1300 4155 his
1348 4092 1506 4155 locis
1555 4092 1809 4156 disertis
1854 4091 2067 4155 verbis
2106 4090 2381 4155 traditur
2417 4093 2815 4176 Augustum,
2853 4098 2997 4177 post

745 4219 1075 4283 victoriam
1123 4223 1523 4302 reportatam,
1569 4216 1777 4282 tribus
1824 4218 2176 4301 praefuisse
2221 4218 2630 4284 exercitibus.
2679 4220 2717 4281 i.
2744 4237 2829 4282 e.:
2874 4237 2993 4282 suo

742 4346 1016 4429 proprio,
1078 4342 1298 4427 Hirtii,
1339 4342 1604 4407 Pansae.
1650 4342 2136 4409 Restituendam
2184 4318 2437 4410 tandem
2488 4364 2724 4427 veram,
2770 4365 2993 4429 quam-

746 4473 844 4535 vis
893 4472 1222 4536 deterioris
1268 4471 1524 4553 codiciS,
1571 4470 1907 4535 lectionem
1958 4489 2187 4535 censeo
2233 4478 2295 4535 et
2338 4472 2700 4555 legendum,
2749 4477 2821 4536 ut
2865 4473 2992 4535 iam
