3509 5509
1630 678 1710 742 13

535 894 745 976 velim,
810 895 923 977 qui
984 891 1291 958 Suetonio
1341 912 1597 978 operam
1646 900 1907 961 navant.
1956 895 2399 980 (Programma
2448 897 2782 979 Gymnasii

533 1021 914 1086 Erasmiani.
963 1020 1257 1084 Roterod.
1316 1020 1520 1101 1882).
1569 1021 1692 1086 Sed
1735 1021 1815 1087 de
1853 1023 2381 1105 praecedentibus
2420 1027 2608 1089 etiam
2654 1026 2781 1090 dis-

534 1155 877 1212 seruerunt
947 1149 1070 1211 viri
1117 1148 1306 1212 docti.
1354 1147 1685 1211 Vocabula
1720 1169 1842 1232 per
1886 1148 2082 1212 iocum
2129 1166 2321 1213 suum
2372 1169 2497 1213 non
2550 1151 2781 1216 habere

533 1273 744 1335 locum
806 1273 1276 1337 contenderunt
1321 1271 1598 1356 Lipsius,
1642 1273 2033 1355 Torrentius,
2082 1273 2439 1356 ErnestiuS,
2492 1274 2781 1338 WolfiuS.

534 1397 767 1462 Contra
829 1398 1212 1479 GronoviuS,
1276 1398 1791 1484 Oudendorpius,
1872 1400 2139 1464 Crusius
2205 1402 2611 1465 retinuerunt
2654 1402 2780 1466 lec-

534 1527 771 1618 tionem
843 1527 1166 1610 vulgatam
1233 1533 1295 1591 et
1355 1529 1448 1591 sic
1509 1529 1997 1611 explicaverunt
2058 1529 2302 1593 locum:
2367 1528 2594 1593 Totum
2661 1529 2780 1593 hoc

535 1651 1026 1737 subscriptionis
1095 1672 1303 1736 genus
1372 1655 1625 1717 iocandi
1694 1674 1890 1718 causa
1956 1654 2196 1719 factum
2267 1660 2378 1719 est.
2442 1654 2519 1718 In
2586 1655 2780 1719 rebus

533 1780 718 1842 seriis
787 1779 1175 1862 subscriptio
1221 1780 1366 1843 talis
1413 1780 1711 1844 indecora
1756 1780 2005 1844 fuisset.
2051 1779 2264 1862 Recte,
2309 1781 2420 1845 sed
2471 1781 2633 1844 male
2680 1782 2779 1844 in-

533 1905 937 1987 tellexerunt,
1023 1907 1149 1970 nisi
1217 1905 1422 1986 fallor,
1491 1913 1813 1970 auctorem
1888 1912 2178 1970 nostrum
2253 1906 2317 1969 hi
2386 1909 2779 1989 interpretes.

541 2030 756 2094 Unum
804 2032 1244 2095 tantummodo
1291 2038 1506 2095 narrat
1553 2031 1921 2114 SuetoniuS,
1969 2034 2005 2096 i.
2031 2051 2081 2097 e.
2128 2035 2361 2097 iocum.
2413 2031 2595 2108 Quod
2624 2032 2777 2097 obli-

535 2158 694 2221 visci
741 2177 870 2220 non
920 2157 1244 2221 debemus

622 2281 894 2347 Disertis
946 2281 1161 2346 verbis
1210 2284 1496 2346 nominat
1542 2283 1706 2363 illos,
1757 2285 1871 2366 qui
1915 2285 2020 2365 ita,
2067 2284 2347 2348 testandi
2368 2285 2603 2367 gratia,
2651 2285 2777 2367 sig-

535 2409 776 2473 nabant
839 2409 1132 2488 urbano&
1188 2411 1229 2472 i.
1276 2428 1327 2472 e.
1389 2429 1665 2473 scurras
1731 2408 1821 2473 Of.
1870 2410 1949 2473 de
1993 2410 2109 2473 bac
2156 2409 2620 2493 significatione
2666 2411 2776 2473 ad·

533 2536 745 2599 iectivi
813 2536 1120 2600 urbanos:
1185 2535 1458 2619 Plinius,
1511 2535 1623 2618 Ep.
1669 2534 1783 2616 IV,
1833 2537 1935 2615 2¹5,
1981 2536 2127 2599 ubi:
2184 2535 2394 2617 „Quid
2446 2537 2619 2599 bunc
2666 2557 2783 2619 pu-

533 2669 744 2726 tamus
792 2664 961 2726 domi
1009 2662 1232 2743 facere,
1281 2664 1394 2745 qui
1441 2663 1508 2724 in
1556 2667 1732 2724 tanta
1780 2680 1866 2742 re,
1913 2668 2039 2724 tam
2091 2662 2257 2726 serio
2305 2667 2606 2746 tempore,
2646 2667 2771 2725 tam

534 2789 910 2853 scurruliter
970 2790 1185 2853 ludit?
1249 2788 1374 2865 Qui
1438 2789 1718 2871 denique
1778 2789 2039 2852 omniuo
2086 2790 2152 2851 iu
2204 2792 2430 2852 senatu
2480 2789 2667 2852 dicax
2716 2795 2779 2853 et

535 2915 822 2979 urbanus
891 2921 953 2979 et
1022 2915 1229 2979 bellus
1298 2921 1395 2979 est
1412 2914 1486 2978 ?’'
1561 2913 1738 2990 Quae
1809 2914 2003 2979 verba
2078 2914 2305 2995 „dicam
2371 2922 2429 2979 et
2497 2916 2779 2979 urbanus

465 3124 479 3137 ο
534 3041 746 3105 hausit
814 3040 1069 3105 Plinius
1139 3061 1174 3105 e
1246 3040 1477 3105 Catulli
1543 3042 1895 3105 notissimis
1945 3041 2237 3106 versibus
2285 3042 2512 3123 (Garm.
2558 3041 2785 3124 XXII,

531 3171 598 3231 in
648 3169 894 3251 initio):

887 3293 1192 3360 Suffenus
1236 3297 1376 3376 iste,
1423 3296 1607 3371 Vare,
1656 3315 1848 3378 quem
1898 3296 2096 3379 probe
2143 3298 2333 3373 nosti,

886 3420 1161 3485 Homost
1210 3426 1523 3485 venustus
1569 3426 1633 3485 et
1681 3421 1870 3484 dicax
1917 3427 1980 3485 et
2022 3420 2325 3485 urbanus.

629 3545 874 3613 Urbani
941 3566 1090 3630 ergo
1159 3553 1312 3611 sunt
1382 3546 1580 3610 iocosi.
1649 3545 1773 3609 Sed
1840 3546 1950 3609 ubi
2011 3566 2187 3609 nunc
2250 3551 2445 3609 restat
2489 3548 2670 3610 iocus
2722 3548 2777 3610 si

531 3678 664 3737 tota
725 3670 1001 3738 testandi
1062 3676 1226 3737 ratio
1289 3692 1420 3737 non
1483 3679 1618 3737 erat
1679 3672 1888 3736 seria?
1953 3671 2148 3737 Haud
2197 3672 2390 3736 dubie
2436 3678 2777 3737 testamen-

532 3807 666 3865 tum
742 3802 1000 3865 aliudve
1069 3802 1523 3864 documentum
1592 3799 1838 3879 fictum,
1906 3820 2035 3862 non
2086 3801 2343 3880 serium,
2388 3802 2479 3865 ita
2524 3801 2778 3883 signare

531 3948 732 3992 ausus
794 3932 961 3991 esset
1010 3928 1286 4010 quisque
1333 3926 1492 3989 civis
1536 3924 1905 4004 Romanus3
1956 3925 2034 3989 ad
2083 3925 2201 3988 hoc
2247 3925 2612 3989 faciendum
2661 3927 2779 3989 mi-

423 4128 432 4136 ,
531 4058 704 4119 nime
752 4075 912 4139 opus
960 4059 1094 4118 erat
1139 4073 1382 4117 scurra.
1421 4051 1666 4128 Quodsi
1705 4054 1887 4116 iocus
1930 4072 2056 4116 nou
2100 4052 2312 4116 audax
2337 4052 2584 4133 fuisset,
2608 4057 2779 4116 certe

533 4201 662 4245 non
733 4183 1093 4265 scripsisset
1153 4179 1503 4244 Suetonius
1565 4177 1863 4241 nonnulli
1903 4184 1964 4242 et
2012 4180 2153 4243 sine
2200 4178 2396 4242 dubio
2442 4180 2625 4242 iocus
2671 4179 2779 4242 ille

533 4326 659 4369 non
725 4312 990 4371 aetatem
1037 4307 1290 4371 tulerat.
1341 4303 1483 4380 Qua
1528 4304 1605 4367 de
1651 4322 1848 4367 causa
1888 4303 2096 4366 adhuc
2144 4304 2334 4367 credo
2381 4304 2446 4366 id
2499 4304 2780 4367 voluisse

532 4436 889 4496 auctorem:
962 4430 1292 4494 Interdum
1365 4430 1603 4492 factum
1675 4434 1772 4491 est
1846 4433 1913 4491 ut
1983 4429 2143 4491 civis
2206 4431 2351 4510 quis
2416 4429 2672 4491 iocosus
2719 4433 2782 4491 et
