3509 5509
1805 703 1891 764 46

713 919 1004 980 constare
1072 914 1244 998 apud
1311 917 1624 996 auctoreS,
1695 932 2003 996 quaerere
2074 933 2455 998 possumus:
2510 913 2657 997 Gur,
2703 916 2759 979 si
2806 934 2963 979 sana

712 1046 880 1105 esset
940 1041 1128 1104 lectio
1187 1045 1298 1117 ter,
1342 1042 1598 1105 tertium
1646 1041 1850 1104 clausi
1896 1042 2115 1125 templi
2163 1043 2551 1105 mentionem
2601 1061 2728 1106 non
2778 1041 2965 1106 fecis-

712 1173 854 1232 sent
897 1167 1106 1233 fontes
1157 1168 1457 1232 veteres?
1505 1168 1574 1232 Si
1621 1188 1861 1249 omneS,
1911 1169 2011 1232 vel
2059 1160 2360 1233 nonnulli
2406 1174 2759 1252 auctorum,
2800 1189 2963 1253 quos

712 1294 922 1375 citavi,
983 1313 1361 1377 persuasum
1426 1293 1802 1358 habuissent
1862 1294 2235 1376 Augustum
2298 1301 2392 1358 ter
2452 1295 2763 1358 clausisse
2807 1299 2963 1359 tem-

715 1420 914 1503 plum,
976 1421 1115 1484 sine
1176 1418 1373 1484 dubio
1422 1421 1539 1483 hoc
1587 1409 2192 1484 commemorassent
2236 1420 2475 1484 factum
2523 1422 2777 1485 disertis
2824 1441 2963 1485 ver-

716 1545 832 1628 bis,
902 1548 1340 1610 narravissent
1407 1551 1550 1630 post
1619 1547 1791 1629 quod
1860 1547 2121 1628 bellum,
2186 1567 2316 1630 quo
2378 1566 2547 1611 anno
2610 1547 2675 1610 id
2722 1547 2960 1611 factum

713 1676 896 1735 esset.
967 1670 1091 1735 Sed
1163 1676 1376 1736 tacent
1444 1672 1564 1734 hac
1628 1671 1706 1736 de
1770 1690 1855 1753 re,
1905 1692 2033 1755 qua
2080 1672 2158 1736 de
2204 1691 2398 1736 causa
2445 1693 2638 1756 quam
2687 1673 2966 1736 maxime

713 1798 1097 1862 dubitationi
1149 1799 1324 1862 istud
1371 1803 1465 1862 ter
1512 1797 1695 1861 elusit
1741 1804 1839 1862 est
1886 1799 2259 1862 obnoxium.
2310 1800 2525 1882 Atque
2572 1800 2767 1862 altera
2810 1819 2963 1883 quo-

715 1926 1088 2008 que'restat
1133 1945 1343 2006 causa,
1392 1944 1509 1989 cur
1557 1930 1931 2008 suspectum
1974 1924 2236 1989 habeam
2288 1925 2501 1988 locum
2550 1931 2859 1989 nostrum.

805 2049 1152 2114 Suetonius
1215 2051 1514 2134 scripsit,·
1549 2052 1605 2113 si
1657 2050 1819 2115 fides
1866 2050 2157 2114 habenda
2210 2050 2570 2115 codicibus:
2622 2049 2808 2114 elusit
2853 2070 2965 2134 pro

713 2176 952 2240 clausit.
1021 2176 1288 2242 Silentio
1359 2181 1770 2260 praetereunt
1838 2177 2002 2240 hanc
2073 2175 2338 2240 formam
2409 2179 2806 2261 interpretes,
2865 2177 2966 2241 vel

715 2305 937 2386 paucis
993 2302 1207 2367 verbis
1255 2307 1564 2367 annotant
1610 2305 1750 2367 sine
1800 2302 1996 2366 dubio
2041 2302 2175 2366 fieri
2226 2305 2513 2386 potuisse
2562 2308 2635 2366 ut
2680 2305 2773 2366 sic
2819 2322 2965 2366 auc·

714 2434 814 2492 tor
882 2429 1204 2520 scriberet.
1275 2427 1460 2506 Quod
1533 2431 1643 2491 vix
1717 2429 1888 2492 credi
1953 2433 2179 2512 potest,
2241 2449 2387 2493 nam
2436 2449 2553 2492 cur
2598 2430 2716 2493 hac
2761 2429 2967 2492 forma

719 2575 880 2619 usus
934 2560 1101 2619 esset
1147 2554 1515 2638 Suetonius,
1562 2575 1728 2639 quae
1775 2575 1903 2618 non
1953 2559 2050 2619 est
2095 2555 2270 2619 illius
2318 2557 2645 2640 temporis,
2686 2575 2967 2639 cumque
3033 2644 3036 2649 .

719 2701 969 2767 semper
1029 2681 1264 2746 scribat
1316 2681 1621 2760 claudere,
1667 2681 1938 2759 clausus,
1984 2680 2401 2745 claudendum
2447 2687 2561 2747 etc.
2582 2682 2613 2745 Ρ
2660 2681 2767 2746 Sic
2813 2685 2967 2767 legi-

721 2829 864 2873 mus
909 2810 1079 2893 apud
1127 2828 1295 2892 eum,
1342 2829 1592 2893 semper
1639 2814 1701 2873 et
1742 2808 2001 2893 ubique,
2040 2810 2181 2873 sine
2220 2809 2354 2873 ulla
2394 2812 2802 2894 exceptione3
2848 2811 2968 2874 hoc

720 2936 912 2998 unico
957 2935 1098 2998 loco
1145 2940 1355 2999 exstat
1399 2935 1602 2998 forma
1650 2934 1851 2998 clusit.
1900 2933 2078 3010 Quae
2126 2955 2227 3000 res
2268 2935 2451 3000 valde
2492 2942 2785 3020 suspecta
2812 2937 2967 3000 mihi

720 3062 990 3125 videtur.
1063 3058 1180 3147 (De
1227 3058 1419 3123 verbo
1466 3059 1802 3123 claudendi
1847 3059 1921 3123 cf.
1970 3058 2218 3140 Caesar,
2263 3080 2395 3144 cap.
2446 3062 2565 3123 34:
2614 3061 2967 3145 Massiliae,

723 3206 883 3270 quae
941 3186 1062 3249 sibi
1105 3186 1178 3249 iu
1221 3186 1445 3249 itinere
1488 3189 1708 3268 portas
1752 3184 2099 3265 elauseral3
2149 3184 2339 3266 Nem,
2387 3206 2518 3269 cap.
2568 3188 2688 3250 23:
2738 3186 2970 3252 clausis

719 3310 1087 3393 oppidorum
1149 3308 1382 3390 porli33
1453 3309 1643 3391 Nem,
1705 3330 1839 3393 cap.
1903 3309 2023 3373 47:
2086 3308 2313 3373 clausis
2372 3310 2648 3393 foribus,
2712 3310 2967 3393 Domit.‚

721 3457 853 3521 cap.
906 3438 1022 3522 17:
1071 3443 1126 3499 et
1166 3440 1496 3517 praeterea
1540 3435 1757 3500 clausa
1801 3435 2014 3499 omnia
2058 3436 2391 3516 reperisse3
2438 3435 2661 3517 Tiber.,
2685 3456 2819 3521 cap.
2846 3438 2965 3500 50:

721 3584 850 3629 uuo
893 3563 1115 3643 oppido
1159 3562 1440 3626 clausam
1486 3561 1746 3646 (Iuliam
1794 3560 2079 3645 umorem)
2125 3566 2239 3626 etc.
2286 3565 2441 3644 etc.).

809 3689 1142 3754 Habemus
1211 3708 1361 3773 ergo
1432 3689 1560 3752 duo
1631 3687 1959 3768 vocabula,
2023 3706 2190 3771 quae
2249 3688 2437 3751 ambo
2483 3690 2710 3753 vitiosa
2757 3690 2969 3754 creda-

723 3836 884 3880 mus.
955 3814 1102 3879 Non
1171 3819 1382 3879 tamen
1455 3812 1706 3877 duabus
1768 3814 2154 3877 coniecturis
2200 3814 2596 3878 emendanda
2642 3822 2812 3898 sunt,
2860 3816 2971 3881 sed

721 3942 961 4008 sufficit
1014 3960 1160 4005 una.
1206 3939 1556 4004 Suetonius
1602 3939 1884 4003 breviter
1929 3940 2211 4022 Augusti
2258 3941 2452 4003 vitam
2500 3960 2788 4024 narranS,
2840 3962 2971 4007 uno

726 4066 936 4147 verb0,
993 4068 1061 4130 ni
1112 4067 1318 4149 fallor,
1364 4066 1663 4149 exposuit
1710 4064 1832 4129 sub
1882 4066 2021 4129 eius
2068 4082 2265 4147 regno
2312 4063 2452 4128 Iani
2500 4067 2809 4150 templum
2860 4070 2971 4132 ali-

725 4194 976 4277 quoties
1021 4192 1313 4255 clausum
1361 4191 1580 4255 fuisse.
1625 4189 1859 4254 Nonne
1903 4190 2043 4254 fieri
2087 4192 2297 4273 potuit
2344 4192 2752 4257 ut'uteretur
2776 4193 2973 4258 verbo

724 4320 1074 4402 composito
1141 4322 1202 4382 et
1248 4315 1586 4382 scriberet:
1633 4314 2000 4395 interclusit,
2046 4316 2086 4377 i.
2114 4333 2199 4378 e.:
2250 4294 2483 4381 clausit
2522 4336 2637 4401 per
2675 4320 2975 4383 interval-

723 4444 896 4524 lum3
967 4443 1256 4523 subinde,
1325 4443 1648 4507 interdum
1715 4441 1995 4505 clausit?
2059 4439 2313 4524 Optime
2360 4444 2491 4506 scio
2539 4444 2734 4528 vulgo
2780 4423 2976 4509 inter-
