3509 5509
1609 659 1694 722 39

470 845 476 850 ’
516 874 835 957 glossema
897 890 1056 952 esse,
1121 890 1157 936 e
1220 872 1510 954 margine
1554 871 1621 933 in
1669 873 1919 935 textum
1967 870 2348 935 translatum
2395 889 2774 954 persuasum

518 997 736 1063 habeo.
824 997 1193 1060 Mirandum
1267 1015 1391 1060 non
1464 1001 1561 1060 est
1635 996 2056 1081 glossatorem
2126 995 2558 1078 adscripsisse,
2626 1015 2773 1059 nam

518 1130 740 1188 notum
811 1128 908 1188 est
979 1126 1438 1205 tempestatem,
1511 1140 1637 1205 qua
1708 1139 1905 1185 naves
1953 1121 2227 1203 perdidit
2273 1121 2615 1204 Augustus
2660 1140 2775 1204 per

519 1250 789 1315 biduum
853 1250 1174 1314 saeviisse.
1234 1247 1423 1311 Hanc
1485 1247 1672 1311 nobis
1715 1252 2166 1330 remtnarrant
2209 1248 2549 1330 Appianus
2593 1246 2773 1327 (Bell.

520 1378 652 1443 civ.
715 1376 848 1440 Lib.
916 1376 993 1439 V.
1059 1377 1143 1439 88
1207 1378 1402 1458 seqq.)
1464 1379 1527 1437 et
1573 1372 1696 1437 Dio
1747 1372 2006 1437 Cassius
2052 1371 2209 1454 (Lib.
2254 1371 2539 1436 XLVIII
2586 1371 2774 1436 0:47

517 1507 733 1588 seqq),
805 1503 976 1567 unde
1045 1507 1306 1586 apparet
1376 1501 1748 1584 Augustum
1820 1505 1884 1564 et
1949 1501 2159 1584 priore
2217 1506 2279 1564 et
2325 1503 2620 1584 sequenti
2668 1502 2770 1566 die

517 1635 761 1714 partem
825 1628 1049 1692 classis
1109 1628 1417 1691 amisisse.
1481 1625 1715 1690 Procul
1780 1623 1975 1689 dubio
2025 1626 2103 1689 de
2146 1624 2382 1710 duplici
2424 1627 2771 1712 naufraqio

515 1756 695 1843 loqui
741 1755 952 1838 potuit
996 1754 1314 1837 glossator
1362 1761 1432 1816 ut
1480 1752 1714 1815 melius
1762 1752 2110 1835 explicaret
2145 1753 2333 1817 cuius
2374 1755 2769 1838 tempestatis

517 1881 755 1946 mentio
800 1879 982 1944 fieret
1028 1877 1107 1942 ab
1156 1884 1431 1943 auctore.
1479 1876 1557 1941 In
1607 1879 1923 1942 sententia
1976 1882 2189 1942 tamen
2238 1883 2455 1943 nostra
2501 1898 2769 1962 prorsus

514 2007 844 2072 abundant
903 2003 1216 2069 vocabula
1277 2005 1486 2086 citata,
1536 2023 1683 2067 nam
1731 2023 1815 2068 ex
1864 2002 2267 2068 substantivo
2313 2004 2769 2085 tempestatibus

515 2134 669 2198 satis
751 2132 966 2196 lucide
1048 2130 1471 2214 intelligimus
1555 2128 1962 2212 naufragium
2048 2109 2308 2194 causam
2383 2128 2587 2194 fuisse
2654 2149 2772 2194 cur

515 2259 856 2342 Augustus
924 2258 1194 2322 classem
1259 2255 1622 2338 perdiderit,
1678 2274 1810 2317 non
1855 2254 2249 2336 incendium,
2296 2255 2608 2338 proelium
2659 2275 2771 2320 na-

514 2384 656 2448 vale
719 2383 820 2447 vel
881 2382 1070 2445 aliam
1133 2380 1592 2461 calamitatem;
1657 2399 1741 2444 ex
1790 2398 2057 2444 numero
2103 2399 2255 2444 vero
2303 2379 2571 2464 plurali:
2622 2385 2768 2444 tem-

508 2515 773 2590 pestates
831 2510 1127 2573 videmus
1190 2507 1530 2591 procellam
1596 2507 1793 2570 unius
1857 2506 1984 2569 diei
2030 2506 2365 2589 noctisque
2410 2508 2769 2572 excessisse

513 2637 837 2701 terminos.

600 2764 866 2828 Minime
926 2782 1078 2847 ergo
1141 2763 1258 2827 hac
1305 2762 1719 2826 annotatione
1764 2762 1832 2824 in
1880 2765 2065 2827 textu
2112 2780 2275 2844 opus
2322 2766 2470 2826 erat.
2520 2759 2769 2825 Deinde

514 2908 678 2974 quae
739 2896 1136 2972 sequuntur:
1200 2894 1256 2952 et
1317 2887 1563 2969 quidem
1619 2906 1736 2971 per
1778 2889 2074 2950 aestatem
2118 2887 2566 2970 coniungenda
2612 2894 2768 2952 sunt

512 3035 662 3080 cum
707 3013 1212 3098 tempestatibus.
1257 3012 1452 3078 Recte
1489 3014 1568 3077 ad
1609 3014 1767 3077 haec
1805 3016 2069 3077 annotat
2092 3012 2543 3079 Oasaubonus:
2578 3013 2761 3095 „Non

511 3143 652 3205 sine
720 3159 914 3204 eausa
978 3144 1173 3221 notat,
1220 3159 1370 3204 nam
1418 3158 1630 3223 neque
1675 3139 1840 3203 solet
1880 3137 2021 3201 fieri
2067 3140 2136 3201 in
2184 3138 2297 3201 illo
2346 3141 2507 3203 mari
2554 3144 2617 3204 et
2664 3158 2766 3204 ca-

508 3268 762 3332 lamitas
832 3265 1118 3331 Caesaris
1188 3265 1502 3331 eiusmodi
1571 3265 1714 3347 fuit,
1762 3271 1834 3329 ut
1879 3265 2282 3330 confessione
2329 3268 2616 3331 omnium
2669 3268 2766 3331 ira

511 3397 778 3461 deorum
842 3394 1153 3459 adversus
1211 3395 1444 3477 ipsum,
1502 3393 1721 3458 favore
1784 3395 2094 3459 adversus
2140 3393 2409 3459 Sextum
2456 3394 2765 3459 accidisse

511 3519 898 3587 videretur.'’

597 3647 958 3713 Interiectis
1024 3652 1240 3711 autem
1284 3644 1498 3711 verbis
1544 3646 1785 3726 duplici
1828 3645 2175 3729 uaufrayio
2219 3648 2391 3711 inter
2436 3651 2759 3729 tempesta-

511 3774 678 3839 tibus
726 3780 790 3838 et
834 3777 892 3837 et
935 3772 1182 3858 quidem
1230 3777 1365 3854 etc.,
1416 3770 1706 3837 dubitare
1753 3791 2091 3857 possemus
2140 3778 2355 3838 utrum
2407 3780 2465 3839 et
2510 3775 2760 3860 quidem

510 3907 623 3967 etc.
684 3900 1134 3985 coniungenda
1197 3904 1414 3965 essent
1473 3918 1620 3963 cum
1685 3898 2160 3983 tempestatibus,
2207 3920 2288 3964 an
2336 3920 2484 3965 cum
2527 3901 2765 3987 duplici

506 4028 866 4111 naufrayia
931 4026 1078 4091 Duo
1141 4027 1296 4091 haec
1356 4024 1669 4090 vocabula
1731 4025 2263 4110 significationem
2312 4030 2756 4112 sequentium:

502 4159 561 4221 et
620 4154 872 4236 quidem
930 4159 1044 4219 etc.
1108 4152 1460 4235 debilitant,
1521 4153 1719 4218 totius
1783 4156 2137 4221 sententiae
2192 4160 2571 4220 contextum
2618 4136 2789 4240 cor-⁹

507 4285 836 4365 rumpunt.

600 4406 812 4470 Etiam
877 4407 944 4469 in
1008 4404 1430 4489 sequentibus
1492 4410 1720 4469 auctor
1780 4405 2014 4470 iterum
2080 4406 2199 4470 hac
2255 4406 2334 4470 de
2378 4425 2448 4471 re
2491 4406 2623 4491 agit
2667 4407 2767 4471 his
