3509 5509
1089 1002 1238 1080 Cap.
1289 1001 1391 1064 68.
1441 999 1731 1084 Denique
1774 1019 1913 1063 una
1958 1003 2166 1063 seoetae
2214 997 2469 1080 leyiom‘s
2514 996 2750 1079 cohors,
2793 1017 2977 1077 prae·

1159 1127 1372 1209 posita
1434 1125 1699 1207 castello,
1748 1131 2023 1209 quatuor
2069 1123 2346 1203 Pompeii
2388 1121 2657 1206 leyiones
2692 1142 2813 1202 per
2858 1122 2977 1186 ali-

1169 1256 1319 1335 quot
1377 1250 1565 1315 horas
1625 1251 1943 1330 sustinuit,
1990 1270 2185 1334 paene
2239 1249 2435 1314 omnis
2479 1249 2719 1329 confixa
2767 1248 2974 1313 multi·

1172 1374 1388 1438 tudine
1454 1374 1767 1439 hostilium
1830 1376 2226 1457 sayittarum,
2274 1393 2549 1458 quarum
2612 1379 2856 1436 centum
2902 1393 2979 1435 ac

1169 1499 1436 1582 triyinta
1481 1500 1682 1565 millia
1726 1500 1903 1564 intra
1948 1499 2183 1564 vallum
2229 1503 2478 1580 reperta
2524 1505 2689 1563 sunt.

810 1759 1005 1842 Apud
1067 1757 1429 1841 Caesarum,
1475 1759 1634 1824 Bell.
1685 1759 1818 1823 civ.
1870 1759 1983 1822 ΙΙΙ.
2031 1780 2083 1824 o.
2134 1761 2241 1841 53,
2283 1761 2420 1842 ipse
2468 1760 2812 1843 imperator
2861 1760 2978 1822 hac

725 1885 803 1948 de
871 1904 940 1948 re
1009 1892 1256 1956 narrat:
1326 1886 1542 1966 „milia
1589 1887 1965 1970 sagittarum
2013 1886 2265 1948 circiter
2312 1885 2591 1968 triginta,
2636 1886 2703 1947 in
2752 1885 2975 1948 castel-

619 2079 624 2084 ,
722 2009 857 2073 lum
927 2011 1230 2092 coniecta,
1294 2010 1548 2076 Caesari
1611 2009 2245 2075 renumeraverunt.’'
2289 2008 2531 2074 Tantus
2579 2009 2657 2073 de
2705 2028 2973 2073 numero

723 2136 1055 2200 dissensus
1125 2136 1393 2200 mendae
1458 2137 1890 2220 suspicionem
1962 2142 2130 2200 recte
2191 2134 2481 2218 praebuit
2548 2136 2704 2199 viris
2753 2135 2975 2218 doctis,

725 2270 920 2345 atque
982 2262 1124 2325 ideo
1179 2262 1503 2344 disputare
1549 2267 1899 2345 coeperunt
1944 2262 2023 2325 de
2068 2263 2447 2344 quaestione
2495 2266 2710 2323 utrum
2759 2261 2972 2344 legen-

723 2386 872 2450 dum
925 2394 1091 2452 esset
1137 2391 1384 2451 centum
1428 2407 1503 2450 ac
1547 2387 1819 2469 triyinta
1864 2407 1943 2450 an
1992 2387 2097 2470 ad,
2124 2387 2403 2467 triqinta.
2451 2387 2584 2449 Alii
2625 2405 2775 2470 ergo
2818 2386 2973 2450 Cae-

721 2530 928 2576 sarem
987 2530 1068 2575 ex
1116 2510 1444 2593 SuetoniO,
1489 2512 1600 2575 alii
1645 2510 2026 2576 Suetonium
2075 2530 2159 2575 ex
2206 2511 2474 2576 Caesare
2522 2512 2971 2595 corrigendum

723 2645 1131 2701 censuerunt.
1176 2637 1467 2702 Suetonii
1511 2639 1849 2703 lectionem
1888 2644 2582 2721 pravam.putaverunt
2607 2636 2974 2720 Oberlinu8‚

719 2764 1076 2847 ErnestiuS,
1139 2763 1651 2850 Oudendorpius,
1716 2766 2022 2846 Wolfius;
2082 2767 2471 2829 contrarium
2530 2767 2771 2849 opinati
2819 2772 2972 2830 sunt

720 2890 1018 2974 Ursinus,
1080 2891 1367 2969 Orusius,
1411 2892 1706 2958 Rothius.
1754 2893 1958 2957 Valde
2008 2895 2205 2957 miror
2243 2892 2563 2975 Crusium,
2611 2894 2822 2955 virum
2872 2912 2971 2956 sa-

717 3037 936 3101 gacem
985 3025 1048 3082 et
1091 3019 1548 3101 peritissimum
1601 3020 1764 3082 hano
1814 3018 2175 3085 defendisse
2222 3020 2583 3102 opinionem
2625 3024 2689 3082 et
2728 3020 2820 3081 sio
2858 3038 2969 3081 an-

719 3145 1072 3208 notavisse:
1128 3143 1327 3227 „Mihi
1375 3144 1667 3209 Suetonii
1717 3164 2027 3209 numerus
2078 3144 2466 3229 probabilior
2507 3145 2777 3228 videtur,
2818 3163 2966 3207 oum

718 3271 774 3337 is
845 3276 1121 3354 quatuor
1189 3270 1571 3355 legionibus,
1640 3291 1863 3336 omnes
1926 3273 2251 3355 pharetras
2300 3278 2520 3334 contra
2567 3273 2967 3354 oppugnatos

718 3395 1218 3460 exonerantibus
1282 3398 1483 3480 magis
1546 3396 1923 3480 congruat.'’
1975 3396 2100 3462 Sed
2148 3396 2535 3481 quandoque
2584 3395 2969 3459 dormitabat

717 3518 931 3585 bonus
989 3520 1329 3587 Homerus.
1389 3520 1555 3585 Nam
1615 3542 1652 3585 a
1715 3541 1846 3606 quo
1892 3522 2043 3586 inde
2091 3527 2390 3605 tempore,
2438 3539 2698 3604 quaeSO,
2742 3538 2965 3584 omnes

615 3627 620 3633 ¹
717 3647 1052 3731 legionarii
1114 3650 1441 3732 pharetras
1502 3649 1897 3733 sagittasque
1958 3667 2178 3713 secum
2231 3647 2570 3736 ferebant?
2618 3644 2822 3711 Nemo
2871 3650 2967 3711 est

718 3776 832 3856 qui
879 3776 1127 3858 ignoret
1175 3775 1408 3839 milites
1453 3774 1779 3840 Romanos
1820 3795 1945 3838 non
1990 3775 2241 3858 sagittis
2282 3774 2393 3839 sed
2434 3775 2581 3858 pilis
2604 3774 2967 3858 gladiisque

715 3900 1104 3982 pugnavisse
1171 3905 1233 3964 et
1300 3901 1771 3980 tantummodo,
1811 3902 1980 3965 inter
2047 3901 2293 3969 auxilia
2354 3901 2555 3964 fuisse
2619 3900 2966 3964 nonnullas

713 4025 945 4107 copias,
991 4044 1154 4108 quae
1201 4045 1390 4091 arcus
1437 4029 1831 4114 sagittasque
1879 4028 2200 4093 haberent.
2252 4028 2587 4093 Cretenses
2628 4048 2682 4093 e.
2705 4049 2763 4113 g.
2802 4030 2964 4094 cele-

715 4148 973 4215 berrimi
1032 4157 1214 4215 erant
1260 4153 1588 4236 sagittarii,
1637 4174 1914 4237 quorum
1964 4174 2275 4219 numerus
2325 4156 2391 4219 in
2443 4155 2732 4239 Pompeii
2778 4174 2964 4219 exer-

715 4278 845 4340 citu
888 4296 1014 4340 non
1055 4282 1274 4342 tantus
1315 4297 1454 4343 esse
1493 4281 1718 4363 potuit,
1751 4288 1824 4344 ut
1849 4282 2225 4365 sagittarum
2255 4300 2567 4345 numerus
2593 4301 2630 4345 a
2655 4280 2964 4345 Suetonio

714 4401 943 4465 allatus
1006 4404 1369 4467 verisimilis
1428 4403 1554 4467 fiat.
1616 4404 1769 4469 Sine
1825 4405 2021 4470 dubio
2068 4406 2257 4470 oredo
2304 4404 2682 4470 Suetonium
2732 4405 2849 4467 hao
2894 4405 2964 4467 in
