3509 5509
1886 734 1967 794 18

1161 943 1308 1020 Cap.
1356 942 1460 1003 44.
1507 939 1677 1004 Nam
1716 940 1792 1003 de
1828 941 2122 1004 ornanda
2164 942 2661 1027 instruendaque
2696 944 2864 1028 urbe,
2902 945 3046 1008 item

1241 1067 1317 1130 de
1361 1066 1592 1130 tuendo
1639 1065 2121 1150 ampliandoque
2167 1068 2425 1146 imperio
2450 1067 2650 1152 plura
2688 1090 2763 1132 ac
2798 1070 3045 1132 maiora

1238 1193 1311 1255 in
1357 1192 1487 1256 dies
1532 1191 1901 1255 destinabat.

877 1426 984 1491 Sic
1047 1427 1322 1510 legimus
1382 1427 1448 1490 in
1513 1427 1791 1490 editione
1850 1425 2201 1506 Rothiana3
2267 1425 2704 1508 casaubonus,
2752 1426 3041 1510 CrusiuS‚

793 1554 1208 1619 Burmannus
1264 1560 1484 1618 contra
1531 1554 1871 1618 ediderunt
1915 1554 2064 1620 iam.
2114 1552 2376 1617 Codices
2422 1554 2522 1617 vel
2570 1561 2790 1618 carent
2832 1558 3041 1638 prima

788 1682 1018 1761 littera,
1087 1681 1187 1743 vel
1256 1679 1564 1745 exhibent
1627 1699 1795 1760 nam,
1866 1679 2039 1763 quod
2109 1678 2476 1762 praeferunt
2524 1678 3038 1765 OudendorpiuS‚

788 1805 1152 1887 Ernestius‚
1193 1804 1486 1870 Wolfius.
1535 1805 1837 1869 Attamen
1888 1811 2057 1869 recte
2101 1806 2227 1868 iam
2278 1807 2529 1869 monuit
2574 1803 2843 1869 Crusius
2884 1825 3036 1870 nam

790 1932 916 1995 dici
983 1951 1111 1994 non
1185 1950 1371 2014 posse
1436 1933 1504 1994 in
1574 1933 1871 2013 transitu,
1937 1932 2106 1994 sicut
2171 1929 2243 1993 fit
2312 1931 2451 1994 loco
2515 1938 2750 2013 nostr0‚
2810 1932 2889 1996 ad
2937 1953 3037 1999 ar·

785 2062 1165 2139 gumentum
1232 2076 1497 2140 prorsus
1558 2057 1906 2120 diversum.
1975 2055 2337 2120 Adhibetur
2398 2057 2654 2139 quidem
2704 2077 2914 2142 saepe,
2965 2064 3037 2122 ut

789 2185 1158 2247 coniunctio
1223 2183 1463 2248 Graeca
1523 2181 1638 2262 γάρ
1698 2185 1766 2246 in
1815 2185 2234 2266 responsione
2281 2182 2380 2246 vel
2428 2182 2877 2265 disputatione,
2922 2185 3035 2248 sed

788 2330 1142 2393 numquam
1205 2312 1272 2373 in
1337 2287 1716 2391 narratione,
1781 2328 1946 2392 quae
2000 2328 2144 2372 cum
2197 2309 2724 2392 praecedentibus
2773 2311 3035 2373 minime

786 2436 1094 2499 cohaeret.
1152 2434 1428 2499 Prorsus
1489 2437 1658 2498 enim
1724 2435 1973 2498 diversa
2026 2440 2255 2498 tractat
2300 2432 2649 2498 Suetonius
2697 2437 2900 2518 capite
2946 2437 3032 2499 43

785 2565 1000 2644 atque,
1047 2579 1179 2644 cap.
1249 2562 1352 2623 44.
1420 2559 1839 2624 Desideratur
1907 2580 2057 2644 ergo
2127 2560 2510 2624 vocabulum
2584 2560 2842 2644 aliquod
2905 2564 3031 2645 sig-

785 2687 1053 2752 nificans
1112 2692 1460 2772 praeterea,
1529 2678 1768 2770 deinde,
1823 2707 2033 2769 porra,
2094 2687 2263 2771 quod
2310 2686 2609 2751 facillime
2654 2706 2689 2750 e
2735 2689 3025 2752 codicum

779 2816 1051 2880 lectione
1119 2821 1420 2899 corrupta
1488 2816 1737 2879 restitui
1809 2819 2030 2898 potest.
2100 2812 2371 2898 Scripsit
2435 2815 2741 2878 nimirum
2807 2820 3032 2878 auctor

785 2940 986 3003 etiam.
1028 2940 1270 3004 Ultima
1310 2931 1753 3005 tantummodo
1795 2941 1993 3004 huius
2032 2940 2325 3003 vocabuli
2368 2960 2514 3023 pars
2554 2947 2819 3005 aetatem
2864 2942 3029 3021 tulit,

779 3072 843 3130 at
897 3066 1224 3131 levissima
1271 3069 1620 3130 mutatione
1665 3068 1731 3129 in
1781 3070 2102 3150 integrum
2153 3067 2616 3131 restituendum
2666 3072 2778 3131 est.
2825 3067 3026 3132 Voca-

778 3192 1002 3256 bulum
1050 3194 1239 3256 etiam
1289 3193 1390 3256 hic
1436 3192 1800 3277 significare
1844 3193 2061 3257 debet:
2112 3192 2291 3273 Quod
2314 3192 2469 3276 plus
2504 3199 2612 3275 est,
2650 3192 2742 3257 Et
2765 3190 3051 3277 quidem‚'

775 3339 923 3382 nam
994 3320 1049 3383 si
1116 3325 1285 3384 recte
1351 3320 1773 3404 intelligimus
1843 3324 2052 3385 varias
2120 3340 2223 3385 res
2284 3341 2322 3385 a
2367 3321 2674 3385 Suetonio
2722 3327 3031 3405 narratas,

777 3445 1074 3509 videmus
1120 3451 1312 3529 caput
1356 3448 1442 3510 43
1490 3449 1817 3512 continere
1862 3448 2028 3512 facta
2071 3453 2133 3513 et
2180 3449 2449 3513 consilia
2497 3448 2783 3513 Caesaris
2824 3450 3026 3513 mino-

776 3574 864 3636 ris
934 3574 1258 3636 momenti.
1329 3572 1548 3658 Capite
1608 3577 1695 3637 44
1754 3577 1986 3639 transit
2046 3582 2269 3640 auctor
2316 3577 2394 3639 ad
2442 3595 2544 3640 res
2592 3568 2849 3639 maioris
2896 3593 3025 3638 mo-

777 3699 1007 3761 menti:
1057 3718 1246 3781 opera
1294 3700 1552 3782 publica
1599 3698 1794 3785 atque
1839 3703 2072 3783 omnia,
2121 3721 2286 3786 quae
2333 3703 2655 3785 pertinent
2701 3701 2779 3765 ad
2827 3702 3025 3765 totius

775 3824 1024 3906 imperii
1086 3824 1375 3888 salutem.
1441 3824 1646 3909 Caput
1707 3845 1859 3909 ergo
1914 3829 2001 3889 44
2048 3825 2382 3891 habendus
2432 3831 2529 3891 est
2574 3827 2809 3889 climax
2856 3827 3024 3909 capi-

774 3948 856 4010 tis
904 3949 1356 4030 praecedentis,
1405 3971 1534 4032 qua
1581 3951 1659 4015 de
1705 3971 1900 4016 causa
1946 3954 2315 4016 coniunctio
2362 3953 2547 4016 etiam
2596 3957 2740 4036 apte
2788 3953 3025 4035 scripta

772 4070 983 4135 fuerit.

1137 4331 1288 4413 Cap.
1337 4336 1438 4398 49.
1489 4334 1843 4402 Pudicitiae
1892 4340 2023 4403 eius
2066 4338 2313 4421 famam
2352 4339 2517 4404 nihil
2549 4339 2799 4423 quidem
2833 4358 3020 4421 prae-

1219 4464 1311 4521 ter
1373 4458 1729 4525 Nicomedis
1793 4463 2266 4527 contubernium
2330 4464 2525 4545 laesit,
2581 4464 2768 4547 yravi
2815 4467 3023 4526 tamen
