<?xml version="1.0" encoding="UTF-8"?>
<!DOCTYPE html PUBLIC "-//W3C//DTD XHTML 1.0 Transitional//EN"
    "http://www.w3.org/TR/xhtml1/DTD/xhtml1-transitional.dtd">
<html xmlns="http://www.w3.org/1999/xhtml" xml:lang="en" lang="en">
 <head>
  <title>
</title>
<meta http-equiv="Content-Type" content="text/html;charset=utf-8" />
  <meta name='ocr-system' content='tesseract 3.04.00' />
  <meta name='ocr-capabilities' content='ocr_page ocr_carea ocr_par ocr_line ocrx_word'/>
</head>
<body>
  <div class='ocr_page' id='page_1' title='image "./spicilegiumcrit00boekgoog_0081.png"; bbox 0 0 3509 5509; ppageno 0'>
   <div class='ocr_carea' id='block_1_1' title="bbox 1597 686 1683 750">
    <p class='ocr_par' dir='ltr' id='par_1_1' title="bbox 1597 686 1683 750">
     <span class='ocr_line' id='line_1_1' title="bbox 1597 686 1683 750; baseline 0.012 -1"><span class='ocrx_word' id='word_1_1' title='bbox 1597 686 1683 750; x_wconf 80' lang='lat'>69</span> 
     </span>
    </p>
   </div>
   <div class='ocr_carea' id='block_1_2' title="bbox 504 888 2756 1364">
    <p class='ocr_par' dir='ltr' id='par_1_2' title="bbox 504 888 2756 1364">
     <span class='ocr_line' id='line_1_2' title="bbox 507 888 2756 986; baseline 0.008 -34"><span class='ocrx_word' id='word_1_2' title='bbox 507 890 674 954; x_wconf 88' lang='lat' dir='ltr'>mitti</span> <span class='ocrx_word' id='word_1_3' title='bbox 717 888 1041 956; x_wconf 89' lang='lat' dir='ltr'>iubebat.&#39;&#39;</span> <span class='ocrx_word' id='word_1_4' title='bbox 1089 893 1352 972; x_wconf 90' lang='lat' dir='ltr'>(Notum</span> <span class='ocrx_word' id='word_1_5' title='bbox 1400 902 1499 961; x_wconf 92' lang='lat' dir='ltr'>est</span> <span class='ocrx_word' id='word_1_6' title='bbox 1543 897 1932 983; x_wconf 81' lang='lat' dir='ltr'>Ciceronem,</span> <span class='ocrx_word' id='word_1_7' title='bbox 1980 900 2332 986; x_wconf 88' lang='lat' dir='ltr'>Caesarem,</span> <span class='ocrx_word' id='word_1_8' title='bbox 2378 903 2756 970; x_wconf 78' lang='lat' dir='ltr'><strong>Sallustium</strong></span> 
     </span>
     <span class='ocr_line' id='line_1_3' title="bbox 504 1017 2754 1113; baseline 0.007 -34"><span class='ocrx_word' id='word_1_9' title='bbox 504 1017 573 1079; x_wconf 91' lang='lat' dir='ltr'>in</span> <span class='ocrx_word' id='word_1_10' title='bbox 620 1017 936 1083; x_wconf 90' lang='lat' dir='ltr'>eiusmodi</span> <span class='ocrx_word' id='word_1_11' title='bbox 984 1021 1321 1086; x_wconf 83' lang='lat' dir='ltr'><strong>sententiis</strong></span> <span class='ocrx_word' id='word_1_12' title='bbox 1365 1023 1714 1088; x_wconf 88' lang='lat' dir='ltr'>indicativo</span> <span class='ocrx_word' id='word_1_13' title='bbox 1766 1027 1861 1091; x_wconf 89' lang='lat' dir='ltr'>uti</span> <span class='ocrx_word' id='word_1_14' title='bbox 1904 1027 2127 1110; x_wconf 89' lang='lat' dir='ltr'>solere,</span> <span class='ocrx_word' id='word_1_15' title='bbox 2172 1031 2555 1113; x_wconf 82' lang='lat' dir='ltr'>posteriores</span> <span class='ocrx_word' id='word_1_16' title='bbox 2602 1049 2754 1095; x_wconf 85' lang='lat' dir='ltr'>vero</span> 
     </span>
     <span class='ocr_line' id='line_1_4' title="bbox 507 1143 2753 1242; baseline 0.007 -34"><span class='ocrx_word' id='word_1_17' title='bbox 507 1143 849 1228; x_wconf 82' lang='lat' dir='ltr'>scriptores</span> <span class='ocrx_word' id='word_1_18' title='bbox 894 1147 1344 1227; x_wconf 83' lang='lat' dir='ltr'>coniunctivo.)</span> <span class='ocrx_word' id='word_1_19' title='bbox 1392 1148 1594 1214; x_wconf 86' lang='lat' dir='ltr'>Credo</span> <span class='ocrx_word' id='word_1_20' title='bbox 1641 1170 1791 1235; x_wconf 87' lang='lat' dir='ltr'>ergo</span> <span class='ocrx_word' id='word_1_21' title='bbox 1840 1158 1903 1217; x_wconf 91' lang='lat' dir='ltr'>et</span> <span class='ocrx_word' id='word_1_22' title='bbox 1941 1153 2045 1217; x_wconf 89' lang='lat' dir='ltr'>hic</span> <span class='ocrx_word' id='word_1_23' title='bbox 2083 1153 2287 1240; x_wconf 90' lang='lat' dir='ltr'>Lipsii</span> <span class='ocrx_word' id='word_1_24' title='bbox 2307 1155 2753 1242; x_wconf 85' lang='lat' dir='ltr'>Torrentiique</span> 
     </span>
     <span class='ocr_line' id='line_1_5' title="bbox 506 1270 2683 1364; baseline 0.007 -32"><span class='ocrx_word' id='word_1_25' title='bbox 506 1270 886 1354; x_wconf 82' lang='lat' dir='ltr'>scripturam</span> <span class='ocrx_word' id='word_1_26' title='bbox 934 1273 1394 1338; x_wconf 81' lang='lat' dir='ltr'>restituendam</span> <span class='ocrx_word' id='word_1_27' title='bbox 1441 1293 1600 1358; x_wconf 88' lang='lat' dir='ltr'>esse,</span> <span class='ocrx_word' id='word_1_28' title='bbox 1647 1281 1709 1341; x_wconf 90' lang='lat' dir='ltr'>et</span> <span class='ocrx_word' id='word_1_29' title='bbox 1756 1297 2105 1361; x_wconf 90' lang='lat' dir='ltr'>pronomen</span> <span class='ocrx_word' id='word_1_30' title='bbox 2154 1301 2276 1364; x_wconf 81' lang='lat' dir='ltr'>quo</span> <span class='ocrx_word' id='word_1_31' title='bbox 2323 1281 2683 1346; x_wconf 89' lang='lat' dir='ltr'>delendum.</span> 
     </span>
    </p>
   </div>
   <div class='ocr_carea' id='block_1_3' title="bbox 870 1526 2759 2260">
    <p class='ocr_par' dir='ltr' id='par_1_3' title="bbox 870 1526 2759 2260">
     <span class='ocr_line' id='line_1_6' title="bbox 870 1526 2759 1623; baseline 0.006 -28"><span class='ocrx_word' id='word_1_32' title='bbox 870 1526 1020 1613; x_wconf 69' lang='lat' dir='ltr'>Cap.</span> <span class='ocrx_word' id='word_1_33' title='bbox 1072 1534 1172 1596; x_wconf 89' lang='grc'>91.</span> <span class='ocrx_word' id='word_1_34' title='bbox 1225 1533 1382 1600; x_wconf 81' lang='lat' dir='ltr'>Cum</span> <span class='ocrx_word' id='word_1_35' title='bbox 1424 1535 1768 1601; x_wconf 78' lang='lat' dir='ltr'>dedicatam</span> <span class='ocrx_word' id='word_1_36' title='bbox 1803 1537 1874 1602; x_wconf 91' lang='lat' dir='ltr'>in</span> <span class='ocrx_word' id='word_1_37' title='bbox 1916 1537 2219 1623; x_wconf 81' lang='lat' dir='ltr'>Capitolio</span> <span class='ocrx_word' id='word_1_38' title='bbox 2242 1540 2454 1605; x_wconf 85' lang='lat' dir='ltr'>aedem</span> <span class='ocrx_word' id='word_1_39' title='bbox 2476 1539 2759 1606; x_wconf 77' lang='lat' dir='ltr'>Tonanti</span> 
     </span>
     <span class='ocr_line' id='line_1_7' title="bbox 949 1658 2754 1752; baseline 0.006 -30"><span class='ocrx_word' id='word_1_40' title='bbox 949 1658 1087 1722; x_wconf 86' lang='lat' dir='ltr'>Iovi</span> <span class='ocrx_word' id='word_1_41' title='bbox 1143 1661 1392 1726; x_wconf 78' lang='lat' dir='ltr'>assidue</span> <span class='ocrx_word' id='word_1_42' title='bbox 1453 1662 1901 1748; x_wconf 81' lang='lat' dir='ltr'>frequentaret,</span> <span class='ocrx_word' id='word_1_43' title='bbox 1944 1667 2290 1750; x_wconf 85' lang='lat' dir='ltr'>somniavit,</span> <span class='ocrx_word' id='word_1_44' title='bbox 2334 1669 2515 1749; x_wconf 77' lang='lat' dir='ltr'>queri</span> <span class='ocrx_word' id='word_1_45' title='bbox 2567 1668 2754 1752; x_wconf 82' lang='lat' dir='ltr'>Capi-</span> 
     </span>
     <span class='ocr_line' id='line_1_8' title="bbox 951 1783 2750 1879; baseline 0.006 -31"><span class='ocrx_word' id='word_1_46' title='bbox 951 1783 1212 1850; x_wconf 85' lang='lat' dir='ltr'>tolinam</span> <span class='ocrx_word' id='word_1_47' title='bbox 1268 1789 1474 1852; x_wconf 86' lang='lat' dir='ltr'>Iovem</span> <span class='ocrx_word' id='word_1_48' title='bbox 1517 1789 1781 1856; x_wconf 84' lang='lat' dir='ltr'>cultores</span> <span class='ocrx_word' id='word_1_49' title='bbox 1824 1791 1947 1857; x_wconf 83' lang='lat' dir='ltr'>sibi</span> <span class='ocrx_word' id='word_1_50' title='bbox 1986 1792 2227 1875; x_wconf 81' lang='lat' dir='ltr'>abduci,</span> <span class='ocrx_word' id='word_1_51' title='bbox 2272 1814 2455 1879; x_wconf 78' lang='lat' dir='ltr'>seque</span> <span class='ocrx_word' id='word_1_52' title='bbox 2500 1815 2750 1878; x_wconf 81' lang='lat' dir='ltr'>respon-</span> 
     </span>
     <span class='ocr_line' id='line_1_9' title="bbox 951 1909 2753 2004; baseline 0.007 -30"><span class='ocrx_word' id='word_1_53' title='bbox 951 1909 1130 1989; x_wconf 78' lang='lat' dir='ltr'>disse,</span> <span class='ocrx_word' id='word_1_54' title='bbox 1187 1912 1538 1979; x_wconf 77' lang='lat' dir='ltr'>Tonantem</span> <span class='ocrx_word' id='word_1_55' title='bbox 1578 1935 1697 1995; x_wconf 85' lang='lat' dir='ltr'>pro</span> <span class='ocrx_word' id='word_1_56' title='bbox 1741 1917 2011 1982; x_wconf 87' lang='lat' dir='ltr'>ianitore</span> <span class='ocrx_word' id='word_1_57' title='bbox 2054 1919 2112 1984; x_wconf 92' lang='lat' dir='ltr'>ei</span> <span class='ocrx_word' id='word_1_58' title='bbox 2157 1920 2549 2004; x_wconf 81' lang='lat' dir='ltr'>appositum;</span> <span class='ocrx_word' id='word_1_59' title='bbox 2590 1919 2753 1985; x_wconf 87' lang='lat' dir='ltr'>ideo-</span> 
     </span>
     <span class='ocr_line' id='line_1_10' title="bbox 947 2040 2751 2131; baseline 0.005 -29"><span class='ocrx_word' id='word_1_60' title='bbox 947 2057 1093 2122; x_wconf 44' lang='lat' dir='ltr'>que,</span> <span class='ocrx_word' id='word_1_61' title='bbox 1129 2059 1272 2104; x_wconf 76' lang='lat' dir='ltr'>mox</span> <span class='ocrx_word' id='word_1_62' title='bbox 1338 2040 1783 2108; x_wconf 78' lang='lat' dir='ltr'>tintinnabulis</span> <span class='ocrx_word' id='word_1_63' title='bbox 1844 2043 2177 2128; x_wconf 62' lang='lat' dir='ltr'>fastigium</span> <span class='ocrx_word' id='word_1_64' title='bbox 2236 2046 2409 2112; x_wconf 73' lang='lat' dir='ltr'>aedis</span> <span class='ocrx_word' id='word_1_65' title='bbox 2450 2043 2751 2131; x_wconf 57' lang='lat' dir='ltr'>redimiit,</span> 
     </span>
     <span class='ocr_line' id='line_1_11' title="bbox 948 2157 2149 2260; baseline 0.008 -33"><span class='ocrx_word' id='word_1_66' title='bbox 948 2163 1117 2244; x_wconf 76' lang='lat' dir='ltr'>quod</span> <span class='ocrx_word' id='word_1_67' title='bbox 1158 2186 1232 2230; x_wconf 88' lang='lat' dir='ltr'>ea</span> <span class='ocrx_word' id='word_1_68' title='bbox 1277 2166 1410 2250; x_wconf 79' lang='lat' dir='ltr'>fere</span> <span class='ocrx_word' id='word_1_69' title='bbox 1451 2169 1670 2234; x_wconf 80' lang='lat' dir='ltr'>ianuis</span> <span class='ocrx_word' id='word_1_70' title='bbox 1714 2157 2149 2260; x_wconf 82' lang='lat' dir='ltr'>dependebant.</span> 
     </span>
    </p>
   </div>
   <div class='ocr_carea' id='block_1_4' title="bbox 501 2396 2757 4527">
    <p class='ocr_par' dir='ltr' id='par_1_4' title="bbox 501 2396 2754 3248">
     <span class='ocr_line' id='line_1_12' title="bbox 594 2396 2746 2495; baseline 0.007 -34"><span class='ocrx_word' id='word_1_71' title='bbox 594 2396 692 2463; x_wconf 88' lang='lat' dir='ltr'>De</span> <span class='ocrx_word' id='word_1_72' title='bbox 740 2399 982 2466; x_wconf 88' lang='lat' dir='ltr'>ultimis</span> <span class='ocrx_word' id='word_1_73' title='bbox 1030 2404 1224 2468; x_wconf 86' lang='lat' dir='ltr'>huius</span> <span class='ocrx_word' id='word_1_74' title='bbox 1270 2407 1621 2472; x_wconf 87' lang='lat' dir='ltr'>sententiae</span> <span class='ocrx_word' id='word_1_75' title='bbox 1670 2407 1881 2473; x_wconf 84' lang='lat' dir='ltr'>verbis</span> <span class='ocrx_word' id='word_1_76' title='bbox 1924 2410 2270 2475; x_wconf 87' lang='lat' dir='ltr'>videamus.</span> <span class='ocrx_word' id='word_1_77' title='bbox 2293 2410 2746 2495; x_wconf 87' lang='lat' dir='ltr'>Imperfectum</span> 
     </span>
     <span class='ocr_line' id='line_1_13' title="bbox 503 2523 2754 2620; baseline 0.005 -30"><span class='ocrx_word' id='word_1_78' title='bbox 503 2523 926 2610; x_wconf 79' lang='lat' dir='ltr'>dependebant</span> <span class='ocrx_word' id='word_1_79' title='bbox 994 2529 1254 2595; x_wconf 87' lang='lat' dir='ltr'>offendit</span> <span class='ocrx_word' id='word_1_80' title='bbox 1323 2530 1870 2618; x_wconf 89' lang='lat' dir='ltr'>Oudendorpium,</span> <span class='ocrx_word' id='word_1_81' title='bbox 1939 2555 2069 2620; x_wconf 89' lang='lat' dir='ltr'>qua</span> <span class='ocrx_word' id='word_1_82' title='bbox 2137 2537 2215 2601; x_wconf 89' lang='lat' dir='ltr'>de</span> <span class='ocrx_word' id='word_1_83' title='bbox 2282 2556 2475 2601; x_wconf 86' lang='lat' dir='ltr'>causa</span> <span class='ocrx_word' id='word_1_84' title='bbox 2546 2539 2754 2601; x_wconf 81' lang='lat' dir='ltr'>suasit</span> 
     </span>
     <span class='ocr_line' id='line_1_14' title="bbox 503 2652 2752 2746; baseline 0.004 -28"><span class='ocrx_word' id='word_1_85' title='bbox 503 2652 906 2733; x_wconf 77' lang='lat' dir='ltr'>dependeant.</span> <span class='ocrx_word' id='word_1_86' title='bbox 956 2655 1188 2721; x_wconf 82' lang='lat' dir='ltr'>Contra</span> <span class='ocrx_word' id='word_1_87' title='bbox 1236 2677 1381 2722; x_wconf 89' lang='lat' dir='ltr'>eum</span> <span class='ocrx_word' id='word_1_88' title='bbox 1431 2659 1648 2725; x_wconf 90' lang='lat' dir='ltr'>docuit</span> <span class='ocrx_word' id='word_1_89' title='bbox 1694 2659 1971 2726; x_wconf 90' lang='lat' dir='ltr'>Wolfius</span> <span class='ocrx_word' id='word_1_90' title='bbox 2009 2661 2454 2746; x_wconf 87' lang='lat' dir='ltr'>imperfectum</span> <span class='ocrx_word' id='word_1_91' title='bbox 2496 2660 2656 2727; x_wconf 90' lang='lat' dir='ltr'>bene</span> <span class='ocrx_word' id='word_1_92' title='bbox 2680 2680 2752 2726; x_wconf 90' lang='lat' dir='ltr'>se</span> 
     </span>
     <span class='ocr_line' id='line_1_15' title="bbox 505 2761 2748 2873; baseline 0.004 -28"><span class='ocrx_word' id='word_1_93' title='bbox 505 2779 755 2865; x_wconf 87' lang='lat' dir='ltr'>habere,</span> <span class='ocrx_word' id='word_1_94' title='bbox 807 2788 878 2848; x_wconf 88' lang='lat' dir='ltr'>ut</span> <span class='ocrx_word' id='word_1_95' title='bbox 923 2785 1209 2868; x_wconf 87' lang='lat' dir='ltr'>Augusti</span> <span class='ocrx_word' id='word_1_96' title='bbox 1248 2786 1564 2851; x_wconf 84' lang='lat' dir='ltr'>actionem</span> <span class='ocrx_word' id='word_1_97' title='bbox 1588 2789 1957 2872; x_wconf 84' lang='lat' dir='ltr'>respiciens,</span> <span class='ocrx_word' id='word_1_98' title='bbox 1982 2808 2193 2873; x_wconf 85' lang='lat' dir='ltr'>neque</span> <span class='ocrx_word' id='word_1_99' title='bbox 2217 2761 2430 2854; x_wconf 83' lang='lat' dir='ltr'>tamen</span> <span class='ocrx_word' id='word_1_100' title='bbox 2456 2788 2748 2854; x_wconf 84' lang='lat' dir='ltr'>Suetonii</span> 
     </span>
     <span class='ocr_line' id='line_1_16' title="bbox 505 2910 2751 2998; baseline 0.004 -27"><span class='ocrx_word' id='word_1_101' title='bbox 505 2913 708 2973; x_wconf 87' lang='lat' dir='ltr'>aetate</span> <span class='ocrx_word' id='word_1_102' title='bbox 775 2910 949 2973; x_wconf 89' lang='lat' dir='ltr'>hunc</span> <span class='ocrx_word' id='word_1_103' title='bbox 1019 2930 1261 2976; x_wconf 88' lang='lat' dir='ltr'>morem</span> <span class='ocrx_word' id='word_1_104' title='bbox 1331 2913 1640 2979; x_wconf 89' lang='lat' dir='ltr'>omissum</span> <span class='ocrx_word' id='word_1_105' title='bbox 1709 2913 2095 2998; x_wconf 88' lang='lat' dir='ltr'>significans.</span> <span class='ocrx_word' id='word_1_106' title='bbox 2160 2914 2285 2980; x_wconf 87' lang='lat' dir='ltr'>Sed</span> <span class='ocrx_word' id='word_1_107' title='bbox 2348 2914 2504 2978; x_wconf 88' lang='lat' dir='ltr'>nihil</span> <span class='ocrx_word' id='word_1_108' title='bbox 2557 2915 2624 2980; x_wconf 95' lang='lat' dir='ltr'>id</span> <span class='ocrx_word' id='word_1_109' title='bbox 2670 2915 2751 2980; x_wconf 92' lang='lat' dir='ltr'>ad</span> 
     </span>
     <span class='ocr_line' id='line_1_17' title="bbox 506 3022 2752 3124; baseline 0.004 -27"><span class='ocrx_word' id='word_1_110' title='bbox 506 3051 675 3113; x_wconf 82' lang='lat' dir='ltr'>rem3</span> <span class='ocrx_word' id='word_1_111' title='bbox 748 3022 1065 3119; x_wconf 89' lang='lat' dir='ltr'>quidquid</span> <span class='ocrx_word' id='word_1_112' title='bbox 1136 3036 1430 3122; x_wconf 86' lang='lat' dir='ltr'>legimus,</span> <span class='ocrx_word' id='word_1_113' title='bbox 1500 3038 1697 3103; x_wconf 87' lang='lat' dir='ltr'>verba</span> <span class='ocrx_word' id='word_1_114' title='bbox 1758 3039 1913 3104; x_wconf 87' lang='lat' dir='ltr'>haec</span> <span class='ocrx_word' id='word_1_115' title='bbox 1972 3040 2231 3105; x_wconf 90' lang='lat' dir='ltr'>ultima:</span> <span class='ocrx_word' id='word_1_116' title='bbox 2280 3039 2447 3121; x_wconf 81' lang='lat' dir='ltr'>qnod</span> <span class='ocrx_word' id='word_1_117' title='bbox 2492 3060 2569 3105; x_wconf 90' lang='lat' dir='ltr'>ea</span> <span class='ocrx_word' id='word_1_118' title='bbox 2613 3039 2752 3124; x_wconf 78' lang='lat' dir='ltr'>fere</span> 
     </span>
     <span class='ocr_line' id='line_1_18' title="bbox 501 3158 2092 3248; baseline 0.003 -26"><span class='ocrx_word' id='word_1_119' title='bbox 501 3158 721 3223; x_wconf 84' lang='lat' dir='ltr'>ianuis</span> <span class='ocrx_word' id='word_1_120' title='bbox 763 3160 1187 3241; x_wconf 82' lang='lat' dir='ltr'>dependebant</span> <span class='ocrx_word' id='word_1_121' title='bbox 1232 3170 1652 3248; x_wconf 88' lang='lat' dir='ltr'>corrumpunt</span> <span class='ocrx_word' id='word_1_122' title='bbox 1699 3169 2092 3229; x_wconf 82' lang='lat' dir='ltr'>contextum.</span> 
     </span>
    </p>

    <p class='ocr_par' dir='ltr' id='par_1_5' title="bbox 508 3284 2755 3503">
     <span class='ocr_line' id='line_1_19' title="bbox 596 3284 2755 3375; baseline 0.003 -26"><span class='ocrx_word' id='word_1_123' title='bbox 596 3284 765 3361; x_wconf 82' lang='lat' dir='ltr'>Quid</span> <span class='ocrx_word' id='word_1_124' title='bbox 811 3288 979 3351; x_wconf 90' lang='lat' dir='ltr'>enim</span> <span class='ocrx_word' id='word_1_125' title='bbox 1030 3289 1358 3354; x_wconf 88' lang='lat' dir='ltr'>continere</span> <span class='ocrx_word' id='word_1_126' title='bbox 1397 3288 1678 3354; x_wconf 78' lang='lat' dir='ltr'>debent?</span> <span class='ocrx_word' id='word_1_127' title='bbox 1720 3288 1994 3355; x_wconf 91' lang='lat' dir='ltr'>Causam</span> <span class='ocrx_word' id='word_1_128' title='bbox 2034 3292 2363 3375; x_wconf 89' lang='lat' dir='ltr'>nimirum,</span> <span class='ocrx_word' id='word_1_129' title='bbox 2402 3311 2520 3355; x_wconf 88' lang='lat' dir='ltr'>cur</span> <span class='ocrx_word' id='word_1_130' title='bbox 2557 3292 2755 3373; x_wconf 87' lang='lat' dir='ltr'>istud,</span> 
     </span>
     <span class='ocr_line' id='line_1_20' title="bbox 508 3390 2136 3503; baseline 0.003 -27"><span class='ocrx_word' id='word_1_131' title='bbox 508 3414 678 3496; x_wconf 92' lang='lat' dir='ltr'>quod</span> <span class='ocrx_word' id='word_1_132' title='bbox 726 3419 1039 3499; x_wconf 84' lang='lat' dir='ltr'>narratur,</span> <span class='ocrx_word' id='word_1_133' title='bbox 1085 3416 1426 3499; x_wconf 89' lang='lat' dir='ltr'>Augustus</span> <span class='ocrx_word' id='word_1_134' title='bbox 1471 3390 1706 3481; x_wconf 87' lang='lat' dir='ltr'>fecerit.</span> <span class='ocrx_word' id='word_1_135' title='bbox 1756 3416 1881 3481; x_wconf 84' lang='lat' dir='ltr'>Sed</span> <span class='ocrx_word' id='word_1_136' title='bbox 1930 3418 2136 3503; x_wconf 79' lang='lat' dir='ltr'>quid?</span> 
     </span>
    </p>

    <p class='ocr_par' dir='ltr' id='par_1_6' title="bbox 503 3538 2757 4133">
     <span class='ocr_line' id='line_1_21' title="bbox 595 3538 2752 3627; baseline 0.002 -24"><span class='ocrx_word' id='word_1_137' title='bbox 595 3538 760 3616; x_wconf 77' lang='lat' dir='ltr'>Quia</span> <span class='ocrx_word' id='word_1_138' title='bbox 803 3539 1234 3605; x_wconf 88' lang='lat' dir='ltr'>tintinnabula</span> <span class='ocrx_word' id='word_1_139' title='bbox 1281 3542 1474 3625; x_wconf 84' lang='lat' dir='ltr'>vulgo</span> <span class='ocrx_word' id='word_1_140' title='bbox 1521 3543 1718 3606; x_wconf 85' lang='lat' dir='ltr'>ianua</span> <span class='ocrx_word' id='word_1_141' title='bbox 1766 3542 2147 3627; x_wconf 88' lang='lat' dir='ltr'>dependent,</span> <span class='ocrx_word' id='word_1_142' title='bbox 2192 3561 2332 3607; x_wconf 89' lang='lat' dir='ltr'>eam</span> <span class='ocrx_word' id='word_1_143' title='bbox 2371 3540 2450 3606; x_wconf 90' lang='lat' dir='ltr'>ob</span> <span class='ocrx_word' id='word_1_144' title='bbox 2492 3561 2752 3607; x_wconf 87' lang='lat' dir='ltr'>causam</span> 
     </span>
     <span class='ocr_line' id='line_1_22' title="bbox 503 3666 2756 3753; baseline 0 -21"><span class='ocrx_word' id='word_1_145' title='bbox 503 3670 584 3734; x_wconf 92' lang='lat' dir='ltr'>iis</span> <span class='ocrx_word' id='word_1_146' title='bbox 646 3670 990 3753; x_wconf 87' lang='lat' dir='ltr'>Augustus</span> <span class='ocrx_word' id='word_1_147' title='bbox 1034 3687 1158 3732; x_wconf 91' lang='lat' dir='ltr'>non</span> <span class='ocrx_word' id='word_1_148' title='bbox 1204 3668 1483 3750; x_wconf 89' lang='lat' dir='ltr'>ianuam,</span> <span class='ocrx_word' id='word_1_149' title='bbox 1529 3668 1642 3733; x_wconf 92' lang='lat' dir='ltr'>sed</span> <span class='ocrx_word' id='word_1_150' title='bbox 1686 3668 2021 3753; x_wconf 87' lang='lat' dir='ltr'>fastigium</span> <span class='ocrx_word' id='word_1_151' title='bbox 2068 3668 2373 3734; x_wconf 83' lang='lat' dir='ltr'>redimit?</span> <span class='ocrx_word' id='word_1_152' title='bbox 2424 3666 2605 3744; x_wconf 77' lang='lat' dir='ltr'>Quae</span> <span class='ocrx_word' id='word_1_153' title='bbox 2654 3688 2756 3732; x_wconf 88' lang='lat' dir='ltr'>ca-</span> 
     </span>
     <span class='ocr_line' id='line_1_23' title="bbox 504 3794 2751 3881; baseline 0 -22"><span class='ocrx_word' id='word_1_154' title='bbox 504 3798 656 3881; x_wconf 88' lang='lat' dir='ltr'>piat,</span> <span class='ocrx_word' id='word_1_155' title='bbox 706 3798 822 3880; x_wconf 89' lang='lat' dir='ltr'>qui</span> <span class='ocrx_word' id='word_1_156' title='bbox 868 3798 1052 3880; x_wconf 84' lang='lat' dir='ltr'>capit.</span> <span class='ocrx_word' id='word_1_157' title='bbox 1099 3794 1332 3860; x_wconf 87' lang='lat' dir='ltr'>Nonne</span> <span class='ocrx_word' id='word_1_158' title='bbox 1379 3814 1529 3879; x_wconf 90' lang='lat' dir='ltr'>ergo</span> <span class='ocrx_word' id='word_1_159' title='bbox 1577 3796 1889 3880; x_wconf 89' lang='lat' dir='ltr'>templum</span> <span class='ocrx_word' id='word_1_160' title='bbox 1936 3795 2110 3861; x_wconf 85' lang='lat' dir='ltr'>Iovis</span> <span class='ocrx_word' id='word_1_161' title='bbox 2154 3795 2459 3860; x_wconf 84' lang='lat' dir='ltr'>Tonantis</span> <span class='ocrx_word' id='word_1_162' title='bbox 2505 3799 2751 3879; x_wconf 87' lang='lat' dir='ltr'>portam</span> 
     </span>
     <span class='ocr_line' id='line_1_24' title="bbox 508 3920 2757 4005; baseline -0.001 -19"><span class='ocrx_word' id='word_1_163' title='bbox 508 3922 608 3988; x_wconf 84' lang='lat' dir='ltr'>vel</span> <span class='ocrx_word' id='word_1_164' title='bbox 675 3924 935 3988; x_wconf 90' lang='lat' dir='ltr'>ianuam</span> <span class='ocrx_word' id='word_1_165' title='bbox 1005 3920 1326 3986; x_wconf 82' lang='lat' dir='ltr'>habebat?</span> <span class='ocrx_word' id='word_1_166' title='bbox 1399 3920 1643 3998; x_wconf 76' lang='lat' dir='ltr'>Quodsi</span> <span class='ocrx_word' id='word_1_167' title='bbox 1703 3940 1845 3987; x_wconf 89' lang='lat' dir='ltr'>eam</span> <span class='ocrx_word' id='word_1_168' title='bbox 1897 3920 2186 4003; x_wconf 89' lang='lat' dir='ltr'>habebat,</span> <span class='ocrx_word' id='word_1_169' title='bbox 2234 3922 2458 4005; x_wconf 89' lang='lat' dir='ltr'>quidni</span> <span class='ocrx_word' id='word_1_170' title='bbox 2506 3922 2757 4004; x_wconf 83' lang='lat' dir='ltr'>ianuae,</span> 
     </span>
     <span class='ocr_line' id='line_1_25' title="bbox 506 4028 2355 4133; baseline -0.002 -19"><span class='ocrx_word' id='word_1_171' title='bbox 506 4048 618 4114; x_wconf 89' lang='lat' dir='ltr'>sed</span> <span class='ocrx_word' id='word_1_172' title='bbox 650 4028 880 4133; x_wconf 64' lang='lat' dir='ltr'>⁴potius</span> <span class='ocrx_word' id='word_1_173' title='bbox 929 4048 1182 4133; x_wconf 87' lang='lat' dir='ltr'>fastigio</span> <span class='ocrx_word' id='word_1_174' title='bbox 1230 4048 1440 4113; x_wconf 80' lang='lat' dir='ltr'>affixit</span> <span class='ocrx_word' id='word_1_175' title='bbox 1486 4048 1827 4133; x_wconf 89' lang='lat' dir='ltr'>Augustus</span> <span class='ocrx_word' id='word_1_176' title='bbox 1876 4046 2355 4112; x_wconf 78' lang='lat' dir='ltr'>tintinnabula?</span> 
     </span>
    </p>

    <p class='ocr_par' dir='ltr' id='par_1_7' title="bbox 507 4172 2757 4527">
     <span class='ocr_line' id='line_1_26' title="bbox 593 4172 2757 4259; baseline -0.002 -19"><span class='ocrx_word' id='word_1_177' title='bbox 593 4174 719 4240; x_wconf 87' lang='lat' dir='ltr'>Sed</span> <span class='ocrx_word' id='word_1_178' title='bbox 779 4193 908 4239; x_wconf 91' lang='lat' dir='ltr'>non</span> <span class='ocrx_word' id='word_1_179' title='bbox 974 4194 1136 4259; x_wconf 89' lang='lat' dir='ltr'>opus</span> <span class='ocrx_word' id='word_1_180' title='bbox 1201 4179 1299 4239; x_wconf 91' lang='lat' dir='ltr'>est</span> <span class='ocrx_word' id='word_1_181' title='bbox 1352 4174 1508 4239; x_wconf 90' lang='lat' dir='ltr'>haec</span> <span class='ocrx_word' id='word_1_182' title='bbox 1555 4175 1961 4259; x_wconf 86' lang='lat' dir='ltr'>perscrutari.</span> <span class='ocrx_word' id='word_1_183' title='bbox 2011 4174 2294 4257; x_wconf 87' lang='lat' dir='ltr'>Augusti</span> <span class='ocrx_word' id='word_1_184' title='bbox 2340 4172 2579 4237; x_wconf 88' lang='lat' dir='ltr'>factum</span> <span class='ocrx_word' id='word_1_185' title='bbox 2628 4172 2757 4237; x_wconf 88' lang='lat' dir='ltr'>huc</span> 
     </span>
     <span class='ocr_line' id='line_1_27' title="bbox 507 4297 2757 4386; baseline -0.001 -20"><span class='ocrx_word' id='word_1_186' title='bbox 507 4303 704 4367; x_wconf 90' lang='lat' dir='ltr'>redit:</span> <span class='ocrx_word' id='word_1_187' title='bbox 775 4301 1038 4367; x_wconf 86' lang='lat' dir='ltr'>Somnio</span> <span class='ocrx_word' id='word_1_188' title='bbox 1100 4302 1476 4386; x_wconf 89' lang='lat' dir='ltr'>perterritus</span> <span class='ocrx_word' id='word_1_189' title='bbox 1538 4300 1761 4365; x_wconf 82' lang='lat' dir='ltr'>Iovem</span> <span class='ocrx_word' id='word_1_190' title='bbox 1810 4299 2237 4384; x_wconf 85' lang='lat' dir='ltr'>Capitolinum</span> <span class='ocrx_word' id='word_1_191' title='bbox 2288 4297 2413 4364; x_wconf 88' lang='lat' dir='ltr'>sibi</span> <span class='ocrx_word' id='word_1_192' title='bbox 2462 4298 2599 4365; x_wconf 84' lang='lat' dir='ltr'>vult</span> <span class='ocrx_word' id='word_1_193' title='bbox 2646 4298 2757 4364; x_wconf 91' lang='lat' dir='ltr'>ob-</span> 
     </span>
     <span class='ocr_line' id='line_1_28' title="bbox 508 4424 2753 4527; baseline -0.003 -32"><span class='ocrx_word' id='word_1_194' title='bbox 508 4430 838 4514; x_wconf 90' lang='lat' dir='ltr'>stringere,</span> <span class='ocrx_word' id='word_1_195' title='bbox 901 4428 1175 4513; x_wconf 90' lang='lat' dir='ltr'>ideoque</span> <span class='ocrx_word' id='word_1_196' title='bbox 1238 4446 1414 4527; x_wconf 32' lang='lat' dir='ltr'>mox·</span> <span class='ocrx_word' id='word_1_197' title='bbox 1446 4424 1694 4492; x_wconf 89' lang='lat' dir='ltr'>actione</span> <span class='ocrx_word' id='word_1_198' title='bbox 1741 4426 2095 4508; x_wconf 82' lang='lat' dir='ltr'>symbolica</span> <span class='ocrx_word' id='word_1_199' title='bbox 2140 4425 2358 4491; x_wconf 88' lang='lat' dir='ltr'>Iovem</span> <span class='ocrx_word' id='word_1_200' title='bbox 2405 4425 2753 4491; x_wconf 85' lang='lat' dir='ltr'>Tonantem</span> 
     </span>
    </p>
   </div>
  </div>
 </body>
</html>
