3509 5509
1611 708 1649 768 3

504 925 616 1000 est,
680 919 779 982 vel
842 919 925 982 ad
969 919 1380 1001 'recipiendas
1444 918 1747 982 lectiones
1807 917 2119 980 librorum
2167 917 2498 981 deterioris
2550 921 2753 998 notae,

507 1066 780 1128 quarum
829 1045 1072 1108 nullam
1122 1043 1344 1108 habuit
1389 1045 1698 1107 rationem
1749 1045 1970 1107 editor.
2016 1043 2218 1126 Saepe
2256 1045 2426 1107 enim
2466 1042 2605 1106 fieri
2644 1063 2753 1127 po-

506 1177 628 1236 test
677 1178 748 1235 ut
795 1191 967 1234 unus
1014 1171 1456 1234 tantummodo
1502 1147 1703 1233 codex
1753 1169 1939 1232 nobis
1984 1170 2330 1232 servaverit
2370 1168 2597 1233 bonam
2642 1169 2755 1232 ali·

509 1318 698 1382 quam
764 1299 1136 1377 lectionem,
1187 1317 1379 1380 quam
1436 1315 1551 1380 per
1593 1295 1897 1360 Rothium
1948 1296 2254 1378 aliosque,
2303 1299 2453 1379 quia
2502 1315 2537 1360 e
2585 1296 2755 1359 dete-

506 1424 672 1486 riore
717 1423 875 1503 loc-0,
920 1423 1202 1505 recipere
1249 1440 1377 1484 non
1426 1421 1591 1485 licet.

598 1547 684 1612 Ut
746 1567 948 1610 unum
998 1553 1247 1611 tantum
1297 1566 1332 1610 e
1380 1546 1675 1630 pluribus
1723 1547 1979 1610 afferam
2030 1548 2431 1632 exemplum:
2482 1549 2757 1632 legimus

508 1675 576 1736 in
643 1671 720 1736 D.
786 1673 938 1737 Iulii
1010 1674 1158 1755 vita,
1227 1673 1432 1754 capite
1504 1673 1624 1735 81:
1689 1671 1939 1736 Paucos
2004 1677 2155 1737 ante
2200 1693 2457 1758 menses,
2504 1694 2642 1737 eum
2688 1674 2761 1738 in

508 1798 746 1862 colonia
821 1797 1046 1878 Capua
1092 1798 1337 1886 deducti
1377 1797 1502 1880 leye
1552 1797 1726 1862 Iulia
1775 1799 1972 1862 coloni
2014 1799 2103 1863 ad
2146 1801 2530 1864 extruendas
2574 1801 2759 1866 villas

508 1923 926 1988 vetustissima
985 1923 1316 2008 sepulchra
1375 1923 1739 1987 dissicerent
1801 1945 1847 1986 e.
1872 1945 1929 2008 q.
1953 1945 2001 1988 s.
2067 1923 2239 2000 Quid
2303 1926 2406 1989 hic
2452 1926 2575 1990 sibi
2622 1928 2763 1991 vult
2827 2006 2831 2011 1

515 2050 781 2114 verbum
832 2047 1242 2114 dissicerent?
1288 2048 1566 2129 Nemini,
1616 2050 1861 2132 opinor,
1910 2056 2134 2112 notum
2184 2055 2282 2114 est
2329 2051 2595 2115 verbum
2626 2051 2763 2115 dis·
2816 2140 2821 2144 .

513 2175 717 2257 sicere,
779 2178 1205 2259 compositum
1269 2194 1352 2240 ex
1412 2175 1512 2239 dis
1571 2181 1635 2240 et
1688 2177 1879 2240 sieere
1940 2177 2040 2240 vel
2088 2197 2299 2241 secere.
2348 2177 2471 2242 Sed
2520 2179 2647 2242 iam
2696 2181 2763 2241 in

515 2302 976 2367 vetustioribus
1041 2307 1102 2366 et
1153 2301 1616 2366 recentioribus
1664 2303 2055 2368 editionibus
2101 2310 2418 2389 receptam
2469 2306 2764 2369 videmus

516 2427 873 2507 lectionem,
942 2447 1134 2510 quam
1200 2432 1620 2490 servaverunt
1680 2429 1789 2490 alii
1851 2429 2137 2492 codices:
2186 2429 2557 2494 disiicerent.
2606 2429 2768 2515 Lap-

517 2574 663 2618 sum
710 2553 1158 2616 tantummodo
1206 2554 1432 2616 calami
1481 2553 1748 2617 formam
1797 2553 2160 2618 dissicerent
2203 2561 2592 2639 putaverunt
2637 2557 2770 2620 edi-

517 2684 705 2763 tores,
773 2699 919 2743 nam
993 2699 1216 2744 omnes
1284 2679 1415 2744 fere
1477 2700 1606 2743 non
1678 2681 2003 2745 admonito
2069 2683 2302 2747 lectore
2347 2684 2769 2747 restituerunt

518 2807 892 2871 disiieerent.
939 2805 1240 2871 Litteram
1291 2826 1341 2888 s,
1389 2806 1486 2870 bis
1537 2808 1836 2890 scriptam
1877 2807 2079 2872 fuisse
2117 2810 2565 2891 antiquissimo
2610 2829 2766 2893 quo-

521 2933 666 2996 dam
715 2950 890 2995 more
928 2932 1372 2995 remotissimis
1411 2932 1827 3015 temporibus,
1866 2934 2026 2996 nihil
2066 2939 2162 2998 est
2202 2935 2374 3017 quod
2416 2936 2770 3014 credamus,

522 3058 724 3121 multo
781 3076 932 3121 vero
982 3058 1197 3121 minus
1243 3056 1572 3121 librarium
1623 3059 1726 3123 vel
1770 3060 1982 3142 ipsum
2031 3059 2411 3124 Suetonium
2454 3080 2638 3125 casca
2679 3067 2771 3125 at-

524 3202 650 3267 que
713 3182 995 3249 obsoleta
1054 3184 1165 3247 illa
1222 3182 1424 3247 forma
1488 3203 1676 3247 usum
1741 3182 1962 3265 fuisse,
2008 3185 2093 3267 id,
2141 3186 2311 3268 quod
2360 3191 2685 3269 praeterea
2732 3206 2769 3249 a

524 3310 814 3374 Suetonii
853 3310 1320 3373 consuetudine
1360 3310 1548 3393 plane
1586 3310 1915 3374 abhorret..
1942 3311 2239 3375 Attamen
2283 3312 2550 3376 formam
2591 3313 2769 3376 dissi-

524 3440 730 3497 cerent
798 3434 1006 3498 adhuc
1071 3435 1354 3499 servavit
1413 3440 1476 3498 et
1528 3453 1779 3518 semper
1840 3434 2121 3499 servabit
2182 3436 2375 3500 editio
2438 3437 2771 3521 Rothiana,

527 3566 678 3646 quia
724 3564 817 3627 sic
863 3563 1098 3645 legitur
1141 3552 1222 3625 in
1257 3563 1475 3626 codice
1521 3561 1929 3626 Memmiana

613 3690 909 3754 Statuere
976 3690 1176 3773 igitur
1244 3708 1622 3773 possumus:
1696 3690 1993 3771 primum,
2059 3695 2309 3754 textum
2379 3690 2770 3756 Rothianum

528 3835 653 3879 non
721 3835 861 3880 esse
922 3815 1211 3880 Suetonii
1261 3820 1508 3879 textum
1564 3816 1942 3898 genuinum,
1991 3816 2099 3879 sed
2151 3817 2310 3879 nihil
2356 3818 2530 3881 aliud
2580 3838 2773 3901 quam

529 3941 772 4005 bonum
818 3942 885 4003 in
936 3941 1167 4005 studiis
1205 3940 1618 4006 Suetonianis
1658 3939 2257 4025 subsidium,'quod
2300 3944 2619 4026 negligere
2658 3963 2777 4009 nec

534 4067 854 4148 volumus,
920 4086 1038 4130 nec
1098 4086 1482 4150 possumus;
1549 4068 1783 4132 deinde
1844 4087 2199 4152 numquam
2256 4070 2399 4133 ideo
2445 4070 2779 4134 lectionem

532 4212 770 4277 parum.
829 4192 1221 4277 probabilem
1297 4194 1758 4258 defendendam
1826 4212 1985 4275 esse,
2048 4195 2221 4277 quod
2282 4214 2417 4259 eam
2486 4196 2784 4280 praebeat

535 4317 962 4382 Memmianus
1041 4318 1293 4397 Codex3
1368 4320 1647 4401 denique
1714 4339 2071 4402 numquam
2142 4320 2369 4383 bonam
2444 4323 2776 4386 lectionem
2859 4379 2861 4381 ,

537 4443 968 4525 accipiendam
1020 4462 1178 4523 esse,
1228 4445 1380 4526 quia
1428 4443 1799 4506 Memmiani
1842 4444 2096 4524 codicis,
2137 4445 2246 4507 sed
2290 4442 2441 4527 quia
2480 4446 2647 4510 bona
2672 4454 2785 4511 est.
