3509 5509
1525 1648 1834 1723 DIVUS
1887 1647 2249 1722 IULIUS.

1126 2172 1274 2253 Gap.
1320 2175 1372 2236 1.
1415 2171 1677 2236 Annum
1714 2192 1908 2254 ayens
1941 2179 2181 2236 sextum
2219 2173 2538 2258 decimum,
2572 2183 2827 2258 patrem
2858 2180 3014 2241 ami-

1205 2297 1324 2372 sit,·
1352 2297 1750 2380 sequentibus
1772 2295 2128 2359 consulibus
2149 2295 2387 2375 flamen
2412 2296 2622 2362 Dialis
2646 2299 3016 2384 destinatus,

1209 2421 1470 2485 dimissa
1522 2420 1871 2487 Cossutia..
1892 2469 1938 2484 ..
1993 2419 2410 2488 Corneliam..
2431 2472 2476 2485 ..
2523 2424 2704 2487 duoeit
2743 2445 3015 2491 uxorem.

859 2634 1156 2716 Plerique
1202 2635 1330 2696 iam
1377 2633 1758 2715 interpretes
1806 2632 1955 2696 huic
2000 2635 2353 2696 sententiae
2392 2643 2713 2699 naverunt
2737 2657 3014 2720 operam.

768 2760 1102 2823 Vocabula
1157 2757 1392 2837 flamen
1439 2754 1653 2822 Dialis
1698 2757 2054 2821 dest-inatus
2098 2778 2290 2822 suum
2343 2779 2470 2822 non
2522 2759 2752 2826 habere
2799 2763 3012 2828 locum

766 2889 963 2951 variis
1007 2876 2047 2969 argumentis'demonstraverunt
2084 2890 2333 2968 praeter
2371 2885 2529 2950 alios
2568 2893 2631 2949 et
2672 2886 3016 2953 Ernestius

764 3018 828 3076 et
899 3010 1412 3094 Oudendorpius.
1485 3008 1807 3093 Coniungi
1874 3028 1950 3073 ea
2010 3029 2155 3072 cum
2220 3009 2573 3073 consulibus
2618 3013 3017 3095 sequentibus

765 3158 891 3202 non
964 3155 1152 3221 posse
1213 3136 1292 3199 ob
1355 3134 1765 3199 difficultates
1828 3135 2308 3218 chronologicas
2369 3141 2540 3200 recte
2602 3146 3016 3221 monuerunt,

768 3281 884 3327 nec
942 3262 1100 3325 mihi
1160 3279 1293 3324 rem
1359 3260 1521 3325 bene
1585 3261 2011 3345 explicavisse
2075 3261 2328 3324 videtur
2388 3260 3012 3345 Baumgarten-Gru-

767 3389 930 3469 sius,
996 3388 1110 3468 qui
1175 3386 1268 3449 sic
1337 3386 1771 3469 interpunxit:
1849 3383 2291 3467 „sequentibus
2343 3384 2719 3469 consulibuS,
2780 3386 3011 3466 flamen

767 3512 979 3577 Dialis
1021 3510 1430 3593 destinatu8,”
1482 3518 1553 3574 ut
1599 3529 1831 3574 sensus
1878 3513 2145 3574 existat:
2198 3482 2446 3592 Cdesar,
2495 3514 2606 3595 qui
2644 3515 2769 3577 iam
2814 3517 3017 3599 prius,

766 3659 968 3725 paene
1037 3658 1212 3723 puer,
1283 3638 1516 3702 flamen
1581 3635 1787 3701 Dialis
1847 3638 2202 3701 destinatus
2265 3644 2418 3720 erat,
2480 3659 2672 3721 nunc,
2718 3646 3017 3725 sequenti

766 3768 964 3851 patris
1026 3770 1292 3829 mortem
1350 3783 1539 3846 nnnc,
1584 3764 1850 3827 dimissa
1897 3741 2190 3827 Cossutia
2236 3782 2286 3827 e.
2314 3784 2371 3847 q.
2398 3784 2445 3828 s.
2492 3763 2661 3829 Talis
2708 3769 3013 3832 narrandi

665 3941 668 3945 -
767 3897 928 3958 ratio
997 3898 1167 3956 certe
1237 3912 1365 3956 non
1437 3896 1572 3955 erat
1641 3889 1957 3972 Suetonii,¹
2025 3892 2158 3973 qui,
2226 3910 2614 3974 quamquam
2682 3892 3013 3959 brevitatis

751 4021 1263 4100 amantissimus,
1332 4025 1544 4081 tamen
1611 4036 1989 4113 numquam,
2052 4016 2383 4081 brevitatis
2431 4036 2644 4099 causa,
2691 4037 2821 4081 una
2868 4039 3012 4083 sen-

765 4147 963 4211 tentia
1029 4165 1132 4209 res
1201 4151 1328 4208 tam
1401 4144 1686 4208 diversas
1754 4142 2087 4227 complecti
2152 4144 2329 4218 solet,
2394 4150 2464 4206 ut
2510 4148 2643 4207 tota
2694 4149 3012 4211 sententia

763 4277 876 4336 aut
946 4271 1279 4335 obscurior
1338 4269 1466 4351 fiat,
1528 4274 1639 4332 aut
1685 4269 2091 4333 mendacium
2140 4270 2478 4333 contineat.
2524 4268 2788 4334 Falsum
2838 4275 3008 4337 enim

766 4406 863 4465 est
932 4399 1263 4464 Caesarem
1331 4399 1657 4463 flaminem
1730 4397 2120 4462 destinatum
2193 4416 2333 4462 esse
2402 4417 2571 4461 anno
2617 4405 2760 4482 post
2811 4404 3007 4484 patris
