3509 5509
1806 710 1887 770 14

734 921 1055 1002 audacior,
1097 922 1165 983 in
1214 938 1282 983 re
1328 920 1507 1001 seria,
1553 919 1861 1001 scriptum
1911 918 2013 981 vel
2062 918 2515 983 documentum
2558 920 2817 1003 aliquod
2862 939 2975 1002 pu-

739 1047 970 1109 blicum
1045 1051 1107 1109 et
1174 1045 1500 1124 sollemne,
1569 1043 1823 1117 iocandi
1884 1062 2093 1124 causa,
2156 1045 2249 1106 sic
2294 1045 2663 1127 signaverit,
2708 1047 2980 1126 eiusque

735 1173 916 1235 iocus
986 1190 1096 1253 per
1165 1175 1358 1233 totam
1434 1168 1656 1232 urbem
1729 1171 2027 1252 cognitus
2093 1169 2301 1232 factus
2374 1172 2457 1234 sit
2526 1175 2589 1234 et
2635 1170 2743 1233 tali
2794 1169 2981 1233 modo

740 1297 1079 1360 memoriae
1147 1295 1436 1358 traditus.
1510 1295 1919 1376 Accipiamus
1987 1313 2138 1377 ergo
2206 1293 2423 1377 Lipsii,
2468 1295 2781 1359 Torrentii
2826 1295 2981 1358 alio—

735 1441 1011 1505 rumque
1055 1422 1560 1486 emendationem
1610 1427 1673 1483 et
1717 1421 2041 1503 legamus:
2090 1440 2229 1484 eum
2267 1421 2426 1504 quid
2461 1421 2738 1490 testandi
2770 1421 2985 1502 qratia

735 1548 1078 1630 siynarent,
1142 1567 1258 1626 per
1323 1547 1521 1610 iocum
1589 1565 1719 1610 non
1794 1545 2063 1612 Caesare
2130 1552 2188 1610 et
2251 1547 2503 1631 Bibule,
2564 1548 2675 1611 sed
2718 1548 2885 1612 Iulio
2929 1555 2986 1612 et

744 1676 1006 1739 Caesare
1049 1681 1257 1738 aetum
1299 1674 1616 1738 seiberent.

828 1800 904 1863 In
953 1801 1171 1865 eodem
1222 1802 1445 1883 capite,
1492 1799 1825 1863 nonnullis
1876 1798 2169 1863 versibus
2215 1798 2506 1879 inferius,
2552 1800 2858 1883 legimus:

1103 2067 1315 2128 Cetera
1379 2064 1546 2146 item,
1610 2083 1771 2147 quae
1830 2063 2053 2147 cuique
2114 2061 2452 2143 libuissent,
2499 2060 2836 2145 dilaryitus
2882 2067 2988 2139 est,

1186 2189 1646 2252 contradicente
1717 2188 1910 2270 nullo,
1973 2209 2065 2270 ae,
2126 2189 2182 2250 si
2247 2192 2582 2252 conaretur
2647 2186 2806 2271 quis,
2850 2187 2991 2250 abs-

1137 2331 1154 2349 *
1189 2315 1426 2378 territo.

833 2553 1050 2616 Primo
1118 2553 1258 2616 loco
1331 2553 1677 2616 notandum
1749 2558 1847 2616 est
1913 2553 2179 2616 verbum
2243 2552 2569 2617 libuissent
2614 2573 2805 2636 prave
2849 2573 2989 2619 esse

748 2679 1068 2742 traditum.
1117 2677 1340 2742 Latine
1386 2681 1480 2742 sic
1527 2679 1651 2741 dici
1692 2697 1821 2741 non
1870 2683 2091 2763 potest.
2148 2677 2326 2760 „Hae
2370 2698 2473 2743 res
2512 2680 2670 2743 mihi
2708 2680 2988 2761 libent’';

752 2805 1024 2887 „Omnia
1087 2825 1251 2890 quae
1311 2806 1468 2869 mihi
1521 2805 1883 2869 libent”'ac
1930 2806 2091 2869 tales
2137 2807 2493 2871 locutiones
2544 2827 2752 2891 neque
2798 2828 2993 2872 aurea

746 2930 1103 3013 Latinitate,
1168 2950 1380 3014 neque
1432 2937 1733 3015 argentea
1781 2933 2218 2996 inveniuntur.
2268 2932 2649 2997 Mutandum
2699 2953 2851 3017 ergo
2898 2940 2993 2999 est

749 3056 1016 3121 verbum
1101 3058 1168 3119 in
1240 3075 1578 3119 numerum
1651 3056 2038 3139 singularem
2111 3077 2183 3120 ac
2250 3057 2629 3141 legendum:
2701 3059 2993 3123 libuisset.

751 3182 961 3245 Aliam
1033 3201 1293 3265 quoque
1354 3181 1433 3245 ob
1496 3201 1754 3245 causam
1821 3185 1910 3247 ita
1955 3183 2297 3267 legendum
2345 3204 2592 3249 consec.
2642 3185 2775 3249 Vix
2822 3189 2991 3251 enim

751 3309 922 3373 credi
961 3314 1234 3392 possunt
1279 3327 1370 3389 ea,
1418 3329 1582 3392 quae
1629 3309 1815 3373 nobis
1866 3316 2080 3375 narrat
2126 3310 2489 3375 Suetonius,
2532 3312 2762 3377 Caesar
2785 3314 2992 3378 'dilar-

750 3436 873 3518 giri
937 3433 1178 3498 solebat
1239 3435 1497 3517 cuique,
1544 3453 1634 3517 ea,
1683 3453 1849 3518 quae
1892 3435 2018 3499 sibi
2064 3436 2355 3520 elegerat,
2406 3458 2567 3521 quas
2615 3441 2995 3521 optaverat?

752 3559 876 3624 Sed
938 3561 992 3623 si
1040 3578 1258 3623 revera
1303 3560 1393 3623 ita
1439 3559 1708 3624 faciebat
1756 3560 2004 3643 Caesar,
2049 3562 2228 3626 nulla
2276 3563 2571 3627 exstabat
2618 3584 2831 3645 causa,
2880 3586 2996 3629 cur

752 3685 986 3768 aliquis
1033 3689 1253 3768 postea
1296 3686 1772 3750 contradiceret.
1823 3685 2062 3752 Omnes
2112 3690 2281 3751 enim
2333 3691 2508 3754 cives
2548 3693 2831 3755 contenti
2857 3710 2997 3756 esse

750 3809 1079 3874 debebant.
1129 3809 1359 3873 Caesar
1403 3812 1636 3892 omnia,
1684 3812 1721 3873 i.
1766 3830 1852 3874 e.:
1904 3831 2187 3893 munera,
2238 3798 2855 3897 honore8,'praemia
2880 3821 2995 3879 etc.

754 3934 1076 3998 dividebat
1137 3935 1215 3998 ad
1277 3934 1636 4016 arbitrium,
1692 3956 1840 3999 cum
1893 3956 2080 4000 nemo
2130 3939 2562 4002 contradicere
2608 3940 2889 4020 auderet,
2933 3945 2997 4004 et

754 4061 811 4122 si
855 4058 1018 4121 forte
1064 4058 1325 4121 auderet
1373 4033 1534 4141 quie,
1579 4058 1656 4121 ab
1703 4034 2387 4143 imperatore'coactus
2434 4069 2531 4127 est
2577 4068 2804 4127 tacere.
2848 4064 2994 4127 Non

756 4185 1092 4267 dilargitus
1138 4188 1235 4247 est
1282 4203 1445 4266 quae
1490 4184 1786 4249 libuisset
1824 4185 1951 4265 alii,
1988 4187 2099 4250 sed
2141 4186 2282 4269 sibi,
2322 4187 2592 4252 Caesari.
2635 4188 2709 4252 Id
2736 4190 2994 4273 quidem

757 4317 852 4374 est
921 4310 1269 4391 monarchi,
1334 4311 1397 4373 id
1469 4312 1885 4393 imperatoris,
1961 4311 2121 4375 Cum
2187 4320 2399 4377 autem
2469 4316 2776 4397 legimus:
2842 4336 3001 4399 quae

755 4436 971 4517 cuique
1017 4434 1309 4519 libuisset,
1358 4456 1482 4499 non
1534 4438 1811 4521 amplius
1859 4439 2082 4519 cuique
2128 4439 2361 4521 pendet
2408 4460 2445 4503 a
2492 4440 2684 4505 verbo
2708 4441 3001 4521 libuisset,
