3509 5509
1625 692 1701 752 15

528 902 638 966 sed
701 922 739 965 a
800 902 1010 982 verb0,
1071 922 1197 965 non
1265 905 1518 986 scriptO,
1564 903 1733 984 dare,
1783 909 1845 968 et
1891 907 1983 968 sic
2030 904 2443 988 intelligenda
2490 911 2586 970 est
2634 925 2778 970 sen-

527 1030 726 1092 tentia
790 1036 1035 1092 nostra:
1103 1027 1335 1092 Caesar
1399 1029 1736 1111 dilargitus
1800 1036 1896 1092 est
1944 1038 2151 1093 cetera
2197 1031 2276 1094 ad
2323 1029 2655 1094 arbitrium
2706 1049 2781 1092 ac

529 1154 700 1216 dedit
746 1155 983 1236 cuique
1027 1172 1118 1235 ea,
1167 1173 1332 1236 quae
1379 1153 1502 1216 sibi
1552 1152 1851 1235 (Caesari)
1900 1155 2050 1218 dare
2097 1155 2407 1219 libuisset.

891 1411 1040 1496 Cap.
1107 1415 1210 1475 29.
1279 1414 1626 1478 Commotus
1671 1412 1782 1484 ‚his
1850 1415 2097 1494 Caesar,
2143 1435 2215 1477 ac
2256 1415 2566 1497 iudicans,
2610 1419 2776 1500 quod

972 1560 1152 1623 saepe
1197 1561 1272 1603 ea:
1318 1560 1383 1604 eo
1428 1540 1720 1604 auditum
1768 1540 1991 1623 ferunt
2005 1560 2027 1603 .·
2078 1541 2450 1624 „difficilius
2494 1564 2559 1607 se
2592 1546 2777 1624 prin-

973 1667 1159 1750 cipem
1210 1666 1478 1730 civitatis
1523 1689 1561 1730 a
1594 1669 1805 1747 primo
1843 1668 2060 1732 ordine
2097 1670 2169 1731 in
2205 1670 2563 1752 secundum,
2586 1691 2777 1755 quam

969 1814 1046 1856 ea:
1105 1793 1376 1857 secundo
1435 1795 1512 1856 in
1568 1796 1977 1858 novissimum
2022 1794 2331 1871 detrudi”,
2377 1816 2626 1860 summa
2669 1817 2779 1876 ope

967 1919 1220 1983 restiti-t.

615 2153 690 2216 [n
741 2153 972 2235 verbis,
1021 2173 1102 2217 ex
1152 2173 1259 2218 ore
1310 2153 1599 2218 Caesaris
1645 2157 1875 2236 citatis,
1921 2174 2185 2239 prorsus
2232 2157 2564 2221 abundant
2592 2177 2774 2221 voca-

530 2279 714 2344 bula:
773 2281 1118 2360 principcm
1179 2280 1463 2344 civitatis
1515 2280 1591 2344 In
1635 2281 1854 2344 codice
1900 2281 2175 2345 Vindob.
2224 2303 2316 2366 pr.
2366 2303 2493 2346 non
2543 2284 2779 2367 legitur

526 2427 874 2491 pronomen
935 2427 1014 2471 se.
1076 2406 1259 2487 Male,
1307 2427 1454 2470 nam
1496 2409 1810 2471 sententia
1856 2413 2071 2471 nostra
2120 2427 2245 2471 non
2296 2409 2484 2473 habet
2532 2409 2776 2493 signifi-

525 2536 838 2597 cationem
899 2533 1279 2617 generalem.
1342 2532 1646 2616 Princeps
1705 2533 1974 2596 civitatis
2027 2540 2162 2597 erat
2210 2535 2436 2598 titulus
2486 2533 2775 2599 Caesaris

526 2666 588 2725 et
647 2661 996 2724 absurdum
1062 2667 1157 2724 est
1209 2661 1466 2724 credere
1514 2659 1865 2742 Caesarem,
1914 2662 1991 2724 de
2037 2668 2235 2726 semet
2283 2665 2421 2746 ipso
2469 2665 2774 2741 locutum,

529 2789 700 2851 hunc
746 2788 1029 2869 titulum,
1073 2788 1262 2870 ¹plane
1310 2806 1806 2871 supervacuum,
1852 2807 2102 2871 semper
2148 2790 2539 2872 repetivisse.
2586 2790 2772 2854 Prin-

527 2908 666 2992 ceps
731 2913 1003 2976 civitatis
1073 2932 1392 2995 nusquam
1465 2912 1614 2975 alibi
1687 2932 1828 2977 esse
1897 2918 2120 2997 potest,
2192 2935 2384 2997 quam
2450 2917 2513 2977 in
2566 2918 2775 2998 primo

527 3040 767 3120 ordine,
837 3044 1032 3121 atque
1101 3040 1300 3122 igitur
1367 3039 1556 3101 credo
1626 3038 1937 3103 vocabula
1998 3040 2344 3121 principem
2411 3042 2676 3104 civitatis
2741 3064 2775 3105 a

524 3165 892 3249 glossatoris
962 3185 1155 3228 manu
1226 3166 1659 3248 suprascripta
1719 3184 1863 3229 esse
1918 3164 2129 3231 verbis
2168 3168 2379 3250 primo
2418 3168 2656 3248 ordine,
2706 3174 2777 3232 ut

525 3291 957 3374 explicaretur
1025 3290 1355 3355 Caesarem
1419 3309 1636 3354 revera
1701 3294 1981 3375 primum
2045 3294 2111 3355 in
2158 3256 2508 3375 R‘epublica
2558 3301 2775 3359 tenere

526 3417 754 3480 locum.
804 3416 1092 3486 Delenda
1140 3436 1291 3500 ergo
1338 3422 1507 3480 sunt.

614 3542 841 3607 Paullo
889 3542 1058 3606 infra
1105 3542 1257 3605 haec
1307 3543 1618 3626 legimus:

885 3816 1248 3901 Insequenti
1314 3835 1550 3900 quoquc
1617 3835 1810 3897 anna,
1888 3815 1967 3881 G.
2036 3815 2354 3899 Marcello,
2418 3820 2531 3903 qui
2578 3818 2781 3902 fratri

967 3940 1244 4021 patrueli
1323 3961 1458 4021 suc,
1539 3940 1782 4023 Marce,
1850 3943 1922 4005 in
1988 3942 2317 4007 consulatu
2382 3950 2775 4026 successerat,

969 4068 1182 4131 eadem
1226 4071 1502 4131 tentante
1524 4117 1537 4130 .
1564 4116 1577 4130 .
1603 4116 1616 4129 .
1642 4115 1656 4130 .
1697 4067 2059 4149 defensores
2098 4071 2369 4147 paravit.

613 4303 888 4367 Easdem
957 4303 1089 4367 fere
1150 4302 1230 4365 ob
1292 4322 1521 4366 causas
1585 4304 1699 4365 hac
1745 4304 1812 4365 in
1863 4308 2177 4369 sententia
2226 4313 2380 4389 puto
2430 4308 2769 4372 delendum

527 4446 668 4491 esse
737 4448 966 4491 nomen
1039 4427 1363 4511 proprium
1439 4427 1679 4489 Marco,
1730 4426 1949 4511 Capite
1996 4432 2163 4493 enim
2216 4433 2627 4513 praecedente
2675 4432 2774 4497 bis
