3509 5509
1822 653 1903 715 72

733 860 1034 926 sollemne.
1097 861 1221 927 Sed
1271 863 1512 947 duplex
1557 863 1955 947 propositum
2009 862 2224 926 Atiam
2272 861 2351 926 ad
2400 861 2721 945 Apollinis
2766 859 2984 924 aedem

736 988 940 1052 duxit.
1009 988 1208 1053 Venit
1272 1008 1534 1084 qnoque
1602 989 1682 1054 ad
1754 989 2181 1073 pervigilium,
2253 993 2327 1052 ut
2396 1005 2587 1071 saepe
2630 986 2877 1051 faciunt
2921 985 2986 1067 ii,

738 1114 869 1196 qui,
937 1115 1183 1198 privata
1230 1114 1557 1198 religione,
1601 1114 1707 1178 vel
1756 1112 1976 1178 morbo
2026 1114 2127 1178 vel
2175 1112 2368 1178 alicui
2415 1113 2581 1176 malo
2628 1112 2985 1177 remedium

737 1244 1073 1324 quaerunt,
1133 1245 1196 1304 et
1257 1259 1396 1305 eam
1459 1239 1542 1305 ob
1587 1260 1850 1305 causam
1897 1259 1971 1305 ea
2021 1240 2156 1304 sola
2203 1239 2423 1305 lectica
2470 1239 2600 1320 lata
2644 1243 2759 1303 est.
2805 1239 2988 1303 Post-

737 1387 932 1450 quam
1002 1386 1152 1451 ergo
1221 1373 1465 1432 ceterae
1533 1372 1881 1449 matronae,
1943 1367 2141 1431 sacris
2186 1365 2462 1450 publicis
2512 1366 2630 1429 rite
2676 1364 2993 1449 perfectiS‚

738 1493 998 1557 domum
1068 1496 1490 1575 reverterunt,
1561 1492 1712 1556 Atia
1782 1491 1919 1556 sola
1987 1494 2276 1556 remanet
2336 1492 2404 1554 in
2468 1491 2723 1575 templo,
2768 1489 2989 1576 ibique

739 1617 1168 1682 obdormiscit.
1217 1616 1341 1694 Qui
1389 1619 1560 1682 enim
1609 1618 1861 1682 somnia
1907 1616 2248 1702 captabant
2293 1616 2411 1682 soli
2458 1618 2525 1680 in
2564 1617 2871 1701 templum
2899 1619 2991 1683 ire

739 1744 960 1809 solent.
1028 1744 1243 1808 Atiam
1313 1744 1515 1808 solam
1585 1762 1727 1810 esse
1795 1745 1865 1808 in
1929 1743 2165 1828 templo
2214 1763 2330 1828 pro
2376 1749 2546 1808 certo
2598 1742 2818 1809 habe0.
2868 1743 2992 1809 Sed

741 1870 855 1935 ubi
915 1888 1091 1934 nunc
1150 1874 1304 1934 sunt
1351 1875 1595 1935 ceterae
1641 1874 1990 1954 matronae,
2034 1889 2201 1953 quae
2246 1869 2621 1934 dormiunt?
2668 1869 2988 1935 Nimirum

739 1996 919 2060 domi.
981 1994 1218 2059 Narrat
1279 1995 1628 2060 Suetonius
1693 2000 2015 2061 matronas
2078 1996 2374 2078 dormire,
2432 1995 2543 2061 sed
2598 2014 2727 2060 non
2778 2003 2995 2063 narrat

727 2097 872 2186 ubi.
941 2120 996 2185 E
1072 2120 1287 2185 verbis
1348 2122 1490 2185 eius
1537 2126 1820 2206 apparet,
1865 2125 1938 2186 ut
1984 2140 2179 2205 supra
2222 2123 2594 2204 monstravi,
2640 2122 2707 2185 in
2756 2123 2992 2207 templo

742 2248 808 2313 id
853 2248 993 2312 fieri
1038 2266 1168 2311 non
1216 2265 1421 2331 posse,
1469 2265 1620 2331 ergo
1668 2247 1998 2311 dormiunt
2043 2237 2221 2311 domi.
2264 2245 2452 2323 Quod
2495 2247 2882 2312 vocabulum
2909 2247 2989 2312 ob

744 2394 1040 2459 magnam
1113 2374 1465 2438 litterarum
1526 2373 2017 2454 similitudinem
2073 2373 2375 2458 perfacile
2418 2375 2837 2458 praetermitti
2883 2388 2992 2460 po-

746 2502 886 2567 tuit.
931 2500 1290 2566 Levissima
1332 2501 1534 2585 igitur
1578 2501 1931 2565 mutatione
1977 2499 2319 2584 legendum
2371 2519 2726 2585 proponere
2764 2502 2990 2566 velim:

746 2629 898 2695 dum
943 2632 1178 2693 ceterae
1220 2632 1545 2693 matronae
1590 2627 1757 2693 domi
1802 2627 2165 2692 dormirent.

1109 2890 1260 2971 Gap.
1309 2891 1410 2955 95.
1459 2889 1614 2955 Post
1655 2910 1861 2955 necem
1910 2888 2203 2956 Caesaris
2245 2910 2489 2955 reverso
2534 2858 2635 2955 ab*
2660 2889 2997 2975 Apollonia

1193 3021 1252 3081 et
1307 3015 1693 3100 inyrediente
1747 3036 1816 3082 eo
1874 3016 2105 3099 urbm,
2147 3020 2396 3097 repente
2438 3015 2676 3101 liquido
2720 3037 2795 3081 ac
2835 3036 3000 3097 puro

1189 3163 1407 3209 sereno
1465 3143 1736 3209 circulus
1796 3144 1885 3209 ad
1939 3144 2196 3225 speciem
2238 3143 2515 3209 caelestis
2560 3164 2750 3209 arcus
2796 3115 3030 3213 orbem*

1198 3269 1347 3336 solis
1387 3269 1622 3353 ambiit,
1665 3292 1742 3335 ac
1786 3269 2051 3335 subinde
2094 3268 2302 3335 Iuliae
2346 3271 2635 3335 Caesaris
2663 3270 2840 3351 filiae
2878 3292 2999 3338 mo-

1198 3397 1544 3463 nimentum
1587 3396 1856 3481 fulmine
1899 3397 2089 3461 ictam
2130 3403 2235 3462 est.
2818 3394 2820 3396 ’

845 3636 1014 3713 Quid
1085 3635 1210 3700 sibi
1276 3635 1504 3700 volunt
1574 3630 1799 3700 verba:
1871 3634 2111 3720 liquido
2177 3656 2253 3700 ac
2308 3654 2484 3720 puro
2544 3634 2811 3701 sereno?
2852 3636 2999 3701 Non

757 3783 994 3849 quaero
1057 3763 1214 3847 quid
1277 3762 1656 3847 significent,
1717 3782 1865 3828 nam
1930 3731 2258 3848 perlucida
2323 3764 2479 3829 haec
2543 3768 2713 3845 sunt,
2760 3764 2873 3829 sed
2918 3784 2999 3829 an

756 3896 925 3955 recte
971 3888 1199 3954 Latine
1245 3890 1338 3953 sic
1383 3890 1507 3952 dici
1553 3889 1805 3973 possit?
1855 3888 2041 3966 Quod
2088 3909 2217 3953 non
2264 3890 2471 3954 credo.
2512 3888 2810 3957 Serenum
2850 3890 3001 3957 sub-

757 4019 1032 4083 stantive
1079 4018 1390 4101 scriptum
1437 4020 1551 4100 est,
1595 4022 1660 4081 et
1707 4016 2186 4083 substantivum
2230 4036 2515 4082 serenam
2540 4036 2807 4102 prorsus
2830 4018 3002 4083 idem

753 4145 922 4208 valet
967 4163 1042 4208 ac
1086 4141 1315 4207 coelum
1353 4162 1612 4227 parum,
1655 4142 1913 4227 clarum,
1961 4143 2251 4227 lucidum,
2298 4148 2359 4207 et
2400 4162 2701 4228 persaepe
2744 4161 3003 4228 quoque

754 4275 1098 4355 tempestas
1146 4270 1322 4333 arida
1367 4275 1432 4334 et
1476 4270 1661 4334 sicca.
1711 4268 1837 4334 Sed
1886 4288 2241 4353 numquam
2288 4269 2437 4333 licet
2484 4270 2798 4334 vocabulo
2844 4290 3003 4334 sere-

759 4418 914 4463 nam
974 4399 1072 4463 uti
1132 4416 1245 4483 pro
1305 4397 1552 4481 coelam,
1599 4398 1738 4463 sine
1786 4396 1916 4461 ulla
1964 4396 2347 4462 definitione.
2393 4395 2630 4461 Nostra
2674 4400 2885 4462 autem
2937 4398 3003 4459 in
