3509 5509
1786 641 1871 705 68

1144 875 1402 920 caenam
1446 873 1829 940 quocumque
1869 858 2135 936 tempore
2178 856 2236 916 et
2280 831 2423 936 loce,
2464 871 2585 936 quo
2606 850 2955 916 stomachus

1145 980 1564 1046 desiderasset.

791 1229 1123 1296 Vocabula
1166 1247 1290 1314 quo
1333 1227 1682 1292 stomachus
1727 1227 1882 1292 dant
1928 1245 2151 1291 omnes
2191 1227 2341 1291 libri
2388 1225 2561 1310 Mss.,
2600 1245 2955 1310 omnesque

702 1358 835 1422 fere
881 1356 1213 1438 editioneS,
1258 1359 1508 1439 praeter
1551 1353 1696 1417 Ald.
1747 1352 2052 1436 Stephani
2090 1357 2155 1417 et
2195 1351 2448 1416 Graevii
2476 1351 2767 1436 primam,
2791 1369 2957 1434 quae

703 1483 1058 1548 omiserunt
1129 1500 1269 1565 quo,
1331 1479 1504 1565 quod
1566 1480 1759 1544 etiam
1809 1479 1952 1543 eiici
1999 1479 2348 1543 voluerunt
2392 1478 2649 1562 Lipsius
2698 1483 2761 1543 et
2806 1479 2957 1542 Tor-

700 1611 967 1674 rentius.
1017 1606 1347 1684 Quantum
1398 1605 1602 1686 vide0‚
1647 1609 1835 1686 recte,
1882 1624 2026 1668 nam
2068 1623 2188 1669 nec
2230 1602 2669 1688 Oudendorpii
2709 1605 2959 1670 coniec-

700 1741 847 1800 tura
915 1753 1157 1819 quoquo
1229 1732 1370 1815 loco,
1440 1751 1560 1796 nec
1631 1732 1756 1796 alia
1807 1731 1992 1795 lectio
2056 1731 2237 1816 quod,
2300 1750 2465 1814 quae
2510 1731 2578 1795 in
2627 1732 2958 1796 nonnullis

703 1859 1166 1925 vetustioribus
1215 1859 1449 1943 legitur
1494 1856 1906 1941 editionibus,
1952 1858 2298 1939 meliorem,
2336 1859 2794 1941 purioremque
2819 1857 2960 1922 red-

706 1989 800 2052 dit
861 1987 1260 2052 sententiam.
1313 1983 1520 2052 Recte
1565 1985 1749 2049 docet
1794 1983 2533 2068 Baumgarten-Crusius
2579 1983 2961 2049 Suetonium

709 2113 1020 2178 vocabulo
1081 2113 1451 2197 quicumque
1509 2112 1606 2175 uti
1649 2111 1856 2176 solere
1904 2113 2092 2176 etiam
2142 2131 2275 2176 non
2324 2131 2619 2176 connexo
2666 2132 2813 2176 cum
2866 2131 2961 2177 se-

678 2216 1064 2326 'quentibus
1133 2259 1248 2325 pro
1317 2239 1536 2321 omnis,
1607 2239 1719 2303 sed
1780 2244 2000 2302 nostro
2061 2239 2202 2302 loco
2263 2239 2434 2304 idem
2496 2258 2626 2302 non
2675 2239 2844 2326 valet
2891 2259 2965 2302 ac

713 2367 929 2432 omnis.
992 2347 1138 2430 Hic
1168 2367 1465 2449 sequenti
1511 2365 1778 2429 relativo
1825 2384 1955 2428 non
2003 2384 2165 2448 qpus
2214 2369 2329 2447 est,
2378 2366 2529 2448 quia
2574 2367 2703 2429 iam
2748 2366 2961 2449 ipsum

714 2511 1066 2579 pronomen
1113 2491 1481 2577 quicumque
1525 2492 1792 2555 relative
1833 2493 2142 2576 scriptum
2187 2497 2299 2556 est.
2325 2491 2548 2556 Solum
2576 2491 2963 2557 vocabulum

711 2638 1091 2703 quocumque
1137 2619 1400 2682 eandem
1452 2619 1582 2682 vim
1635 2616 1826 2682 habet
1871 2637 1984 2682 ac:
2034 2617 2205 2682 muni
2238 2617 2369 2682 loco
2407 2623 2467 2683 et
2503 2625 2789 2703 tempore,
2828 2639 2965 2704 quo.

711 2744 773 2810 N
775 2766 856 2810 on
908 2765 1058 2830 ergo
1107 2745 1428 2830 significat
1471 2744 1702 2830 quovis,
1749 2744 1862 2809 sed
1909 2744 2127 2809 eodem
2182 2745 2370 2809 modo
2419 2745 2967 2830 interpretandum

713 2879 810 2938 est
868 2893 944 2937 ac
990 2890 1344 2957 pronomen
1392 2871 1705 2936 Graecum
1756 2870 1931 2955 ὅστις,
1977 2870 2148 2955 quod
2197 2873 2387 2936 etiam
2437 2872 2729 2937 absolute
2776 2872 2966 2937 scribi

720 3000 897 3064 solet.

806 3126 1149 3209 Nusquam
1212 3126 1365 3189 alibi
1411 3128 1480 3190 in
1527 3118 1822 3190 Suetonii
1869 3127 2171 3212 operibus
2216 3128 2363 3193 talis
2410 3133 2672 3212 apparet
2714 3129 2971 3211 locuti0‚

718 3274 1114 3338 quamquam
1161 3255 1399 3337 passim
1449 3255 1730 3317 occurrit
1777 3253 2163 3318 vocabulum
2211 3254 2596 3339 quicumque.
2642 3252 2740 3318 De
2784 3255 2970 3319 solito

718 3380 1015 3444 vocabuli
1065 3400 1189 3444 usu
1239 3380 1407 3464 apud
1449 3379 1833 3444 Suetonium
1874 3380 2285 3450 conferantur
2307 3381 2607 3445 nonnulli
2631 3381 2775 3463 loci,
2798 3400 2850 3446 e.
2874 3402 2968 3466 g.:

720 3506 971 3588 Caesar,
1015 3526 1147 3590 cap.
1199 3506 1316 3586 663
1370 3505 1698 3589 Claudius,
1745 3524 1879 3590 cap.
1930 3507 1990 3589 2,
2038 3508 2140 3587 34,
2182 3507 2301 3586 363
2345 3506 2859 3591 Augustus„cap.
2888 3506 2969 3568 66

721 3638 785 3696 et
835 3633 954 3714 783
999 3632 1312 3713 Tiberius,
1358 3651 1494 3716 cap.
1549 3633 1630 3695 18
1677 3636 1741 3697 et
1789 3632 1908 3711 65;
1958 3630 2268 3715 Caligula,
2313 3651 2445 3716 cap.
2488 3605 2972 3716 323Vespasia-

721 3778 867 3839 nus,
914 3778 1048 3843 cap.
1098 3760 1138 3821 8
1189 3758 1444 3840 aliique.
1491 3756 1732 3821 Eodem
1782 3758 1971 3821 modo
2019 3777 2092 3821 ac
2117 3763 2334 3822 nostro
2360 3759 2499 3822 loco
2525 3759 2714 3824 etiam
2744 3759 2977 3824 Caesar

722 3890 785 3949 et
831 3884 1054 3948 Livius
1103 3885 1206 3948 usi
1253 3887 1407 3947 sunt
1452 3882 1766 3946 vocabulo
1808 3883 2189 3969 quicumque,
2228 3903 2280 3949 e.
2305 3904 2391 3949 c.:
2435 3884 2683 3969 Caesar,
2720 3885 2973 3950 Bellum

727 4010 863 4074 civ.
905 4008 1041 4073 Lib.
1086 4008 1169 4072 H.
1219 4028 1352 4093 cap.
1399 4009 1521 4072 40:

823 4134 1356 4219 „Quamcumque
1400 4136 1468 4197 in
1509 4139 1753 4219 partem
1798 4137 2049 4219 equites
2087 4138 2398 4220 impetum
2438 4136 2738 4220 fecerant,
2762 4138 2977 4201 hostes

725 4262 864 4325 loco
914 4262 1137 4327 cedere
1186 4260 1653 4345 cogebantur’';
1703 4267 1767 4326 et
1813 4262 1981 4346 apud
2032 4261 2307 4344 Livium,
2353 4261 2489 4327 Lib.
2534 4262 2648 4326 III.
2691 4282 2830 4347 cap.
2860 4264 2934 4327 11
2969 4284 2983 4326 ε

734 4387 1262 4473 „Quemcumque
1333 4388 1518 4453 lictor
1573 4389 1762 4451 iussu
1828 4387 2114 4452 consulis
2174 4389 2634 4473 prehendisset,
2678 4387 2981 4453 tribunus

3464 1016 3505 1119 ἐι·-
