3509 5509
1814 675 1899 737 40

734 883 980 948 verbis:
1043 883 1230 966 quasi
1270 882 1571 946 classibus
1617 888 1973 963 tempestate
2012 883 2298 964 perditis.
2347 882 2542 946 Nulla
2589 883 2692 946 hic
2742 885 2980 948 mentio

726 1009 802 1072 fit
861 1007 1198 1093 naufragii,
1260 1004 1600 1101 quoniam·
1627 1028 1711 1074 ex
1758 1008 2162 1074 substantivo
2209 1013 2539 1089 tempestas
2584 1009 2739 1074 satis
2786 1029 2973 1094 appa·

728 1139 824 1199 ret
894 1119 1280 1197 calamitatis*
1340 1134 1518 1197 ratio.
1592 1131 1843 1208 Quibus
1914 1135 1992 1199 de
2062 1135 2275 1198 causis
2345 1153 2475 1197 non
2547 1134 2736 1198 credo
2786 1133 2981 1199 verba

728 1259 965 1339 duplici
1015 1257 1357 1341 naufragio
1403 1279 1441 1323 a
1487 1257 1797 1323 Suetonio
1845 1261 2078 1344 scripta
2126 1278 2290 1340 esse,
2335 1258 2446 1323 sed
2495 1279 2531 1324 e
2578 1235 2863 1345 mai-gine
2908 1261 2977 1323 in

724 1375 976 1449 textum
1025 1383 1330 1448 traditum
1376 1385 1727 1469 irrepsisse.

1090 1567 1238 1655 Gap.
1287 1570 1383 1633 19.
1439 1569 1768 1634 Tumultus
1807 1568 2065 1650 posthac
2100 1576 2157 1633 et
2195 1591 2410 1635 rerum
2448 1589 2755 1634 novarum
2791 1570 2983 1635 initia

1171 1695 1748 1781 coniurationesque
1796 1695 2156 1779 complures,
2190 1696 2379 1780 prius
2419 1717 2611 1781 quam
2649 1697 2983 1762 invalesce-

1174 1827 1317 1885 rent
1380 1820 1611 1884 indicio
1678 1821 1963 1904 detecta-3,
2031 1823 2386 1906 compressit
2444 1821 2609 1886 alias
2670 1821 2795 1886 alio
2837 1829 2983 1887 tem-

1167 1965 1321 2026 pore
1334 1964 1356 2008 .·
1421 1945 1648 2030 Lepidi
1705 1947 1972 2028 iuvenis,
2036 1946 2259 2011 deinde
2318 1946 2625 2012 Varronis
2671 1948 2985 2013 Murenae

1176 2079 1232 2137 et
1299 2071 1522 2136 Fanni
1595 2071 1947 2153 Caepionis,
1972 2121 1985 2135 .
2014 2121 2027 2136 .
2053 2120 2067 2136 .
2092 2122 2106 2136 .
2175 2072 2264 2136 ad
2324 2077 2666 2138 ctctremum
2716 2073 2984 2159 Telephi,

1179 2209 1460 2274 mulieris
1501 2211 1665 2274 servi
1707 2209 2251 2274 nomenculatoris.

826 2395 903 2459 In
948 2396 1068 2459 hoc
1111 2395 1251 2458 loco
1297 2394 1628 2458 tractando
1677 2412 1807 2457 non
1854 2413 2119 2478 possum
2164 2396 2322 2478 quin
2361 2394 2639 2459 admirer
2663 2416 2984 2463 summam

739 2522 1092 2586 doctrinam
1140 2525 1203 2584 et
1249 2520 1812 2604 perseverantiam,
1858 2539 2052 2603 quam
2091 2518 2524 2584 adhibuerunt
2550 2521 2839 2605 plerique
2864 2525 2987 2586 viri

738 2647 910 2711 docti
958 2650 1030 2709 ut
1075 2647 1647 2729 interpretarentur
1694 2649 1945 2709 textum
1992 2645 2317 2709 traditum.
2366 2644 2489 2710 Sed
2535 2646 2794 2731 frustra,
2837 2669 2984 2713 nam

740 2773 1032 2838 funditus
1073 2778 1371 2857 corrupta
1409 2776 1563 2837 sunt
1593 2772 1911 2836 vocabula
1936 2791 2102 2855 quae
2126 2771 2310 2837 nobis
2335 2772 2640 2838 exhibent
2662 2774 2809 2838 libri
2833 2774 2985 2840 Mss.

829 2899 1007 2964 Inter
1061 2900 1268 2963 varias
1314 2898 1809 2982 coniurationes,
1855 2868 2016 2982 quas
2064 2900 2439 2983 compressit
2484 2902 2845 2985 Augustus,
2888 2903 2987 2966 ul-

742 3027 963 3089 timam
1025 3027 1360 3088 enumerat
1406 3027 1628 3086 auctor
1669 3022 1937 3105 Telephi,
1983 3025 2477 3090 nomenclatoris
2522 3025 2879 3106 cuiusdam,
2924 3030 2988 3089 et

739 3149 916 3214 addit
958 3149 1304 3233 Telephum
1352 3148 1555 3213 fuisse
1599 3167 1848 3211 servum
1892 3148 2193 3212 mulieris.
2239 3132 2245 3138 ¹

833 3275 1003 3352 Quid
1072 3278 1156 3340 sit
1222 3274 1677 3356 nomenclator,
1746 3292 1935 3338 nemo
2006 3279 2104 3338 est
2176 3276 2289 3358 qui
2357 3276 2626 3359 ignoret,
2673 3275 2787 3340 sed
2833 3276 2991 3360 quid

745 3403 898 3467 velit
965 3403 1086 3466 hoc
1154 3402 1294 3466 loco
1361 3386 1867 3465 additamentum
1936 3398 2221 3464 mulieris
2277 3400 2458 3483 servi,
2505 3420 2694 3465 nemo
2737 3407 2834 3466 est
2880 3403 2994 3485 qui

747 3530 902 3594 satis
964 3528 1286 3612 explicare
1344 3528 1559 3612 possit.
1623 3524 2147 3591 Nomenclatores
2196 3544 2447 3609 semper
2493 3525 2759 3590 fuerunt
2805 3528 2994 3609 servi,

749 3655 994 3719 nullam
1055 3672 1205 3738 ergo
1270 3653 1607 3717 utilitatem
1669 3652 1860 3717 habet
1921 3651 2075 3717 haec
2121 3652 2291 3717 tituli
2337 3653 2841 3736 circumscriptio
2888 3654 2991 3717 vel

641 3868 649 3875 ἡ
748 3783 1056 3866 repetitio.
1115 3780 1320 3846 Multa
1380 3786 1594 3845 tamen
1657 3781 1779 3843 viri
1827 3781 1994 3844 docti
2040 3782 2109 3843 in
2156 3778 2677 3844 annotationibus
2727 3798 2992 3846 monue-

749 3913 922 3991 runt,
969 3926 1134 3991 quae
1179 3908 1340 3970 nihil
1387 3907 1466 3970 ad
1513 3926 1647 3971 rem
1693 3905 1957 3970 faciunt.
2004 3905 2465 3971 Disseruerunt
2512 3906 2591 3970 de
2632 3907 2993 3971 nomencla-

751 4034 907 4097 toris
953 4052 1218 4098 munere
1265 4032 1706 4115 Oasaubonus,
1752 4030 2268 4116 Oudendorpius,
2308 4032 2599 4115 WolfiuS,
2638 4032 2996 4116 Ernestius,

715 4136 1201 4239 ‘Burmannus3
1275 4159 1353 4222 de
1418 4159 1624 4223 forma
1684 4159 2219 4223 nomenculatoris
2276 4158 2407 4223 fere
2463 4159 2677 4223 iidem.
2726 4158 2999 4243 Egregie

751 4290 964 4351 tamen
1007 4285 1319 4350 falluntur
1366 4304 1588 4349 omnes
1633 4287 2030 4371 interpretes,
2070 4290 2201 4349 tam
2242 4290 2506 4369 vetereS,
2549 4306 2743 4370 quam
2782 4304 2998 4349 recen-

752 4413 966 4494 tiores,
1011 4413 1065 4475 si
1112 4411 1384 4475 credunt
1429 4409 1815 4475 vocabulum
1864 4411 2142 4475 mulieris
2189 4431 2409 4476 sanam
2456 4430 2612 4476 esse.
2655 4409 2815 4489 Quis
2858 4432 2996 4476 mu-
