3509 5509
1611 621 1694 682 23

528 825 807 909 denique
874 826 1176 909 praebere
1247 829 1628 892 sententiam
1700 832 2002 908 nostram,
2068 826 2521 909 unusquisque
2581 825 2781 889 lector

529 950 716 1015 facile
764 945 1020 1015 videbit.
2230 953 2238 960 ’
2608 957 2613 960 ’

619 1077 923 1141 Attamen
992 1082 1232 1141 restant
1299 1077 1510 1142 adhuc
1580 1076 1939 1158 nonnulla,⁴
1973 1077 2139 1159 quae
2186 1094 2290 1139 me.
2321 1075 2675 1156 offendant,
2720 1080 2783 1140 et

532 1204 588 1267 si
632 1203 866 1266 iterum
908 1208 1051 1285 post
1099 1202 1496 1287 Madvigium
1544 1209 1607 1267 et
1650 1202 1988 1266 Polakium
2038 1200 2312 1265 eundem
2362 1200 2577 1264 locum
2620 1207 2781 1264 trac-

529 1333 692 1410 tam,
751 1328 1156 1412 arrogantius
1218 1347 1406 1411 agere
1469 1328 1705 1409 videor,
1748 1327 2086 1392 defendere
2136 1345 2237 1390 me
2283 1326 2481 1390 debeo
2528 1326 2781 1390 Polakii

533 1454 726 1518 verba
789 1473 927 1518 mea
980 1454 1253 1522 faciens:
1313 1452 1676 1538 „Madvigio
1724 1460 1787 1517 et
1834 1453 2099 1517 Polakio
2145 1455 2485 1517 incertiore
2531 1454 2779 1517 divina-

526 1580 699 1644 tione
768 1580 1065 1643 hariolari
1131 1598 1248 1643 nec
1311 1580 1465 1644 libet
1527 1599 1647 1644 nec
1709 1580 1859 1644 licet
1901 1579 2189 1661 fortasse,
2236 1580 2555 1643 veteranis
2602 1580 2775 1661 prin-

527 1705 908 1789 cipibusque
969 1706 1205 1769 criticis
1261 1712 1323 1770 et
1381 1707 1806 1789 plurimarum
1870 1705 2253 1788 palmarum,
2314 1710 2379 1768 at
2441 1724 2557 1767 cur
2620 1705 2781 1767 mihi'

528 1849 658 1894 non
704 1831 892 1894 liceat
937 1831 1132 1893 tironi
1152 1830 1226 1892 ?''

616 1948 1020 2039 Quamquam
1081 1950 1296 2020 autem
1352 1954 1530 2020 addit
1591 1956 1897 2020 Polakius
1947 1957 2332 2020 mutationes
2380 1976 2533 2020 suas
2580 1957 2774 2020 auda-

523 2082 725 2145 ciores
772 2099 932 2162 esse,
977 2083 1180 2164 magis
1226 2083 1436 2164 specie
1485 2101 1678 2164 quam
1727 2100 1815 2163 re,
1866 2088 2077 2146 tamen
2120 2082 2336 2146 adhuc
2382 2082 2572 2146 credo
2621 2083 2775 2146 satis

527 2207 800 2271 audaces
869 2224 976 2271 eas
1045 2224 1200 2270 esse.
1273 2206 1490 2269 Primo
1561 2206 1700 2270 loco
1774 2208 1913 2270 sine
1981 2206 2178 2270 dubio
2227 2207 2591 2272 addendum
2645 2214 2779 2272 erat

524 2313 911 2418 praenomen
963 2330 1199 2396 Gaium
1247 2333 1347 2396 vel
1396 2331 1497 2416 G„
1550 2339 1620 2396 ut
1656 2335 1796 2416 ipse
1837 2351 1953 2396 nos
1976 2333 2194 2397 docuit
2219 2332 2524 2397 Polakius
2550 2334 2772 2398 eodem

520 2453 1106 2541 libello,'·sequenti
1166 2459 1418 2542 pagina,
1479 2457 1583 2521 ubi
1652 2467 1822 2523 recte
1872 2459 2118 2522 monuit
2165 2459 2577 2524 inserendum
2628 2479 2769 2524 esse

520 2591 666 2650 ante
713 2585 939 2664 Lepidi
981 2602 1368 2670 praenomen
1417 2585 1558 2647 eius
1606 2583 1729 2667 M.‚
1777 2605 1921 2648 nam
1975 2586 2109 2666 „sic
2152 2583 2285 2648 fere
2322 2603 2572 2670 semper
2610 2583 2765 2649 Sue·

518 2710 795 2777 tonius”.
845 2709 1296 2786 Quaerendum
1346 2709 1576 2775 deinde
1623 2716 1757 2775 erat
1796 2729 1913 2775 cur
1952 2709 2301 2776 Suetonius
2325 2711 2393 2774 in
2419 2712 2766 2795 posteriore

517 2838 869 2903 sententiae
915 2842 1093 2920 parte
1137 2837 1461 2901 citavisset
1509 2856 1738 2901 nomen
1783 2838 2129 2920 proprium,
2167 2856 2315 2900 cum
2355 2838 2421 2900 in
2446 2840 2765 2903 anteriore

516 2968 694 3047 parte
754 2979 880 3026 non
932 2962 1167 3026 diserte
1215 2963 1643 3026 nominaverit
1690 2981 1818 3049 eos,
1863 2982 1977 3048 per
2022 2982 2185 3046 quos
2232 2962 2464 3027 Caesar
2498 2983 2761 3048 perspe-

515 3089 824 3154 culandos
894 3091 1146 3152 curavit
1213 3089 1498 3153 locorum
1563 3090 1745 3171 situs,
1797 3090 1969 3173 quod
2018 3092 2158 3154 sine
2206 3089 2401 3153 dubio
2451 3110 2578 3154 non
2625 3092 2763 3174 ipse

513 3214 681 3296 fecit,
752 3214 862 3278 sed
927 3233 1044 3293 per
1107 3212 1353 3296 leyatos.
1421 3212 1634 3295 Nulla,
1704 3214 1911 3296 credo,
1982 3220 2226 3279 exstat
2260 3234 2474 3299 causa,
2523 3234 2639 3279 cur
2687 3215 2758 3278 G.

520 3341 917 3405 Volusenum
980 3338 1357 3422 nominaret,
1401 3360 1572 3422 nam,
1619 3342 1674 3404 si
1722 3323 1944 3405 verum
1993 3347 2106 3425 est,
2156 3343 2327 3426 quod
2356 3344 2761 3437 ‘verisimilli-

513 3489 692 3533 mum
741 3474 854 3551 est,
901 3467 1282 3532 Suetonium
1321 3487 1450 3530 non
1490 3469 1887 3551 ignoravisse
1911 3469 2227 3533 Voluseni
2252 3490 2505 3554 nomen,
2528 3471 2755 3535 iisdem

509 3596 910 3680 argumentis
955 3594 1339 3659 contendere
1388 3614 1730 3678 possumus
1779 3601 1948 3661 certe
1995 3594 2255 3680 quoque
2303 3600 2361 3661 ei
2409 3617 2535 3662 non
2576 3600 2757 3682 igno·

509 3728 644 3786 tum
706 3721 907 3787 fuisse
971 3721 1301 3785 Gaesarem
1354 3722 1636 3786 locorum
1687 3724 1852 3788 situs
1899 3723 2413 3807 perspeculatum
2463 3742 2604 3789 esse
2634 3744 2759 3809 per

507 3848 750 3931 leyatos,
801 3867 967 3931 quae
1014 3866 1088 3911 ea
1136 3846 1213 3911 de
1259 3866 1453 3912 causa
1499 3849 1688 3911 etiam
1738 3848 2029 3913 addenda
2078 3854 2319 3913 essent:

593 3973 792 4037 Porro
858 3991 956 4037 me
1001 3972 1334 4036 offendunt
1372 3978 1596 4052 portus
1638 3977 1698 4037 et
1741 3994 2067 4038 accessum.
2118 3974 2301 4039 Certe
2348 3977 2437 4039 ita
2485 3981 2612 4040 non
2659 3976 2750 4039 di·

506 4118 712 4163 cerem
762 4104 818 4164 si
865 4105 1089 4163 auctor
1135 4100 1494 4182 scripsisset
1539 4082 1936 4164 accessus'in
1983 4101 2237 4184 plurali,
2277 4122 2420 4166 nam
2463 4120 2538 4165 eo
2564 4102 2751 4166 modo

500 4225 674 4289 aliud
739 4226 891 4309 quid
943 4224 1381 4309 significarent
1423 4229 1648 4305 portus
1695 4230 1758 4289 et
1802 4244 2103 4290 accessus.
2152 4224 2387 4289 Portus
2432 4227 2603 4290 enim
2652 4245 2751 4291 es-

502 4357 644 4415 sent
705 4368 1002 4417 accessus
1063 4353 1397 4417 hominum
1454 4353 1754 4436 operibus
1803 4355 2115 4418 exstructi
2162 4359 2223 4418 et
2270 4354 2608 4437 emendati,
2653 4374 2749 4417 ac·
