3509 5509
1611 672 1692 733 37

519 889 586 950 in
647 885 1123 966 vetustioribus,
1187 882 1645 968 Oudendorpii,
1708 883 2049 967 Orusiique
2110 880 2535 946 editionibus:
2596 879 2771 956 ,solus

426 1038 432 1043 ·
516 1014 712 1078 victor
756 1019 882 1076 tres
926 1011 1232 1076 exercitus
1275 1013 1618 1094 occuparet.

877 1271 1030 1352 Gap.
1085 1272 1186 1334 13.
1230 1269 1360 1334 Nec
1403 1289 1747 1335 successum
1790 1265 2080 1330 victoriae
2118 1265 2475 1330 moderatus
2496 1269 2618 1328 est.
2644 1313 2658 1327 .
2678 1313 2691 1327 .
2712 1283 2771 1340 .;

962 1371 1135 1480 alio-3,
1191 1403 1439 1481 patrem
1497 1403 1553 1460 et
1607 1395 1831 1476 filium,
1886 1413 2005 1474 pro
2046 1393 2175 1456 vita
2222 1393 2509 1476 royantis
2555 1392 2769 1456 sortiri

958 1522 1051 1587 vel
1107 1522 1340 1585 micare
1398 1521 1671 1604 iussisse,
1731 1525 1803 1584 ut
1863 1518 2160 1584 alterutri
2204 1518 2649 1603 concederetur,
2694 1540 2769 1583 ac

964 1653 1268 1732 spectasse
1327 1654 1660 1732 utrumque
1721 1647 2101 1728 morientem,
2162 1665 2301 1709 cum
2349 1649 2556 1729 patre,
2616 1645 2768 1730 quia

958 1793 1024 1837 se
1080 1771 1410 1855 optulerat,
1468 1773 1657 1836 occiso
1702 1771 1873 1853 filius
1919 1790 2159 1858 quoque
2203 1769 2627 1834 voluntariam
2672 1789 2768 1834 oc-

961 1897 1268 1962 cubuisset
1311 1917 1532 1962 necem

602 2133 812 2198 Locus
873 2134 1268 2213 notissimus,
1331 2133 1410 2198 de
1471 2151 1601 2217 quo
1660 2132 1806 2197 fuse
1871 2133 2365 2216 disputaverunt
2409 2132 2531 2194 viri
2578 2131 2764 2195 docti.

516 2260 732 2326 Lectio
778 2260 1010 2324 micare
1052 2261 1383 2324 invenitur
1417 2260 1486 2322 in
1527 2259 1735 2324 tribus
1760 2265 2009 2348 tantum
2036 2257 2384 2339 codicibus,
2408 2258 2519 2321 alii
2543 2276 2765 2323 omnes

517 2387 758 2451 habent
814 2385 1124 2450 dimicare.
1171 2384 1267 2450 De
1313 2385 1781 2469 significatione
1830 2385 2006 2449 verbi
2052 2384 2283 2448 micare
2328 2388 2764 2448 tractaverunt

516 2514 704 2578 multi
764 2514 1162 2596 interpretes,
1217 2513 1328 2576 sed
1374 2531 1605 2575 vanam
1655 2512 1969 2576 dederunt
2015 2529 2289 2594 operam.
2336 2509 2541 2592 Nemo
2590 2511 2760 2574 enim

513 2645 626 2723 est,
697 2640 810 2723 qui
877 2638 1142 2702 dubitetv
1194 2657 1483 2721 unquam
1547 2637 1722 2701 aliud
1783 2637 1851 2700 id
1898 2636 2261 2720 significare
2308 2655 2517 2721 posse,
2568 2656 2760 2721 quam

511 2766 724 2831 ludere
791 2764 1020 2849 diqitis.
1090 2764 1211 2845 (De
1278 2765 1397 2829 hac
1458 2764 1925 2849 significatione
1988 2765 2135 2829 vide
2195 2765 2410 2829 locum
2472 2764 2552 2828 ab
2618 2764 2761 2828 aliis

513 2910 773 2975 quoque
831 2893 1096 2956 citatum
1143 2891 1314 2975 apud
1363 2890 1747 2956 Ciceronem.
1794 2889 1892 2955 De
1937 2890 2181 2974 officiis,
2227 2890 2361 2954 Lib.
2410 2890 2531 2955 III.
2580 2910 2631 2955 c.
2676 2892 2759 2955 19

512 3023 575 3083 et
622 3019 751 3099 23).

599 3142 747 3208 Duo
791 3144 991 3227 igitur
1035 3143 1246 3221 verba,
1291 3140 1511 3207 sortiri
1554 3148 1616 3207 et
1659 3143 1894 3207 micare
1934 3142 2067 3207 fere
2105 3143 2275 3207 idem
2312 3144 2545 3224 valent,
2570 3143 2757 3207 ambo

511 3268 908 3355 significant:
969 3271 1126 3334 sorti
1177 3274 1363 3351 atque
1407 3269 1706 3353 fortunae
1748 3290 1880 3334 rem
1926 3270 2295 3349 permittere.
2345 3269 2611 3335 Minime
2660 3272 2753 3335 di-

511 3415 696 3461 versa
777 3401 952 3480 sunt,
1020 3415 1149 3460 non
1209 3378 1391 3461 'enim
1461 3396 1586 3461 alia
1651 3396 1987 3462 intercedit
2058 3398 2501 3482 discrepantia,
2565 3419 2759 3482 quam

512 3541 678 3605 quae
723 3526 820 3585 est
865 3522 1032 3587 inter
1075 3540 1284 3606 genus
1330 3527 1393 3587 et
1439 3523 1734 3606 speciem.
1785 3521 1965 3598 Quae
2012 3542 2162 3587 cum
2200 3523 2289 3587 ita
2330 3524 2477 3606 sint,
2504 3523 2760 3588 credere

509 3650 623 3711 vix
683 3666 946 3732 possum
1018 3648 1390 3731 Augustum
1439 3649 1603 3731 patri
1651 3652 1713 3712 et
1758 3646 1889 3710 filio
1939 3647 2189 3712 dedisse
2234 3646 2601 3712 facultatem
2650 3668 2761 3731 op-

507 3774 686 3837 tandi
760 3778 978 3837 utrum
1048 3774 1432 3838 sortirentur
1501 3792 1582 3836 an
1653 3774 1976 3837 micarent.
2047 3772 2289 3837 Eodem
2360 3773 2530 3837 enim
2600 3774 2757 3838 haec

507 3902 794 3966 redeunt.
845 3900 1054 3964 Aliam
1101 3902 1302 3985 igitur
1347 3902 1669 3984 optionem
1711 3900 1885 3964 dedit
1923 3900 2282 3983 imperator.
2323 3898 2402 3962 In
2434 3899 2759 3983 plerisque

508 4025 690 4093 libris
760 4025 911 4090 Mss.
981 4026 1258 4110 legimus
1319 4026 1674 4109 lectionem,
1737 4045 1903 4110 quae
1950 4026 2085 4091 sola
2133 4044 2283 4091 vera
2330 4044 2470 4092 esse
2514 4031 2755 4110 potest:

506 4151 725 4215 sortiri
765 4151 862 4215 vel
907 4151 1218 4216 dimicare.

593 4276 918 4341 Nimirum
986 4278 1330 4361 Augustus
1399 4296 1506 4342 eos
1573 4280 1856 4361 rogavit:
1936 4279 2207 4360 „Utrum
2274 4279 2559 4363 eligitis?
2620 4281 2757 4344 Aut

515 4409 705 4489 sorte,
769 4407 883 4467 aut
943 4423 1162 4489 pugna
1222 4404 1557 4488 designare
1607 4402 1851 4468 debetis
1897 4409 2041 4468 uter
2086 4410 2370 4469 vestrum
2420 4413 2624 4473 morte
2668 4407 2757 4471 af-
