3509 5509
1620 688 1706 749 45

533 899 698 978 licet,
743 897 856 962 sed
905 897 1235 961 videamus
1284 894 1562 960 breviter
1609 899 1764 981 quid
1813 899 1891 962 de
1937 918 2007 964 re
2048 905 2302 964 narrata
2340 900 2609 966 firmiter
2633 922 2781 967 con-

534 1030 659 1089 stet
701 1024 873 1109 apud
918 1028 1213 1088 auctores
1260 1027 1526 1088 veteres.

617 1149 847 1214 Ianum
897 1147 1238 1227 Quirinum
1288 1171 1324 1214 a
1371 1134 1628 1214 condita
1676 1150 1832 1214 urbe
1878 1150 1978 1215 bis
2018 1154 2280 1216 omnino
2317 1153 2607 1219 clausum
2637 1175 2780 1220 esse

532 1281 679 1341 ante
746 1277 1031 1360 Augusti
1099 1282 1371 1360 tempus,
1424 1280 1760 1358 testantur,
1807 1277 2035 1341 iisdem
2081 1278 2214 1342 fere
2260 1279 2493 1362 verbis,
2538 1278 2783 1359 LiviuS,

530 1400 640 1466 lib.
708 1401 756 1465 Ι.
830 1403 948 1481 19;
1017 1399 1434 1496 Plutarchus·
1472 1404 1540 1465 in
1611 1401 1863 1467 Numae
1930 1403 2213 1486 historia,
2261 1425 2313 1468 c.
2363 1406 2483 1486 203
2533 1405 2785 1490 Florus,

527 1526 635 1592 lib.
698 1526 809 1591 IV.
863 1547 914 1592 c.
965 1528 1064 1592 12.
1115 1529 1233 1609 643
1281 1528 1445 1593 Vell.
1495 1527 1893 1612 Paterculus,
1942 1529 2046 1593 lib.
2094 1529 2175 1593 II.
2226 1550 2276 1594 c.
2328 1531 2411 1594 38
2460 1537 2523 1595 et
2568 1533 2778 1616 ipsum

528 1653 1023 1718 Monumentum
1095 1655 1536 1736 Ancyranum.
1596 1653 1694 1719 De
1753 1655 1993 1738 templo
2057 1656 2276 1720 clauso
2328 1655 2449 1721 sub
2496 1658 2781 1742 Augusti

528 1785 724 1864 regno
795 1786 964 1846 certa
1031 1781 1308 1865 legimus
1377 1782 1744 1846 testimonia
1804 1782 1973 1866 apud
2036 1780 2222 1846 Dion.
2274 1781 2588 1867 Cassium,
2633 1784 2782 1850 Vel-

530 1907 748 1989 leium,
795 1908 1216 1972 Plutarchum
1264 1913 1327 1973 et
1374 1906 1691 1991 Orosium,
1733 1909 1910 1973 unde
1950 1910 2191 1974 scimus
2229 1909 2461 1975 Ianum
2486 1911 2776 1974 clausum

527 2033 730 2099 fuisse
775 2054 945 2098 anno
994 2036 1079 2098 29
1129 2056 1183 2099 a.
1230 2033 1394 2118 Chr„
1439 2040 1582 2120 post
1631 2035 1955 2101 devictum
2003 2037 2379 2120 Antonium,
2425 2036 2570 2117 (Dio
2608 2038 2778 2103 Cass,

525 2162 634 2225 lib.
701 2160 800 2225 LI.
852 2181 904 2225 c.
955 2162 1073 2241 293
1123 2161 1434 2243 Velleius,
1477 2160 1585 2224 lib.
1633 2161 1716 2224 II.
1767 2182 1817 2225 c.
1869 2163 1990 2242 383
2041 2162 2448 2246 PlutarchuS,
2496 2163 2593 2229 De
2637 2165 2779 2230 fort.

525 2286 792 2351 Roman.
839 2307 890 2352 c.
943 2289 1017 2366 93
1065 2285 1352 2370 Orosius,
1398 2286 1502 2350 lib.
1550 2286 1660 2351 VI.
1709 2307 1762 2351 c.
1812 2289 1915 2352 20.
1967 2290 2029 2370 8)
2076 2293 2139 2352 et
2185 2290 2417 2353 iterum
2464 2308 2633 2353 anno
2675 2292 2781 2372 25,

525 2421 668 2499 post
727 2421 1058 2499 superatos
1123 2413 1492 2497 Cantabros,
1555 2413 1700 2496 (Dio
1757 2415 1927 2481 Cass.
1976 2416 2082 2481 lib.
2128 2417 2297 2481 LIII.
2344 2437 2396 2481 c.
2447 2418 2566 2497 273
2618 2415 2774 2481 Oro-

525 2543 682 2623 sius,
727 2540 832 2606 lib.
881 2540 992 2605 VI.
1041 2561 1092 2605 c.
1139 2542 1241 2604 21.
1293 2542 1372 2621 1).
1421 2541 1614 2606 Haud
1663 2542 1859 2608 dubie
1906 2563 2057 2627 ergo
2103 2549 2353 2608 constat
2399 2544 2770 2627 Augustum

526 2667 618 2731 bis
680 2666 821 2730 Iani
879 2667 1188 2752 templum
1238 2667 1566 2751 clausisse,
1613 2667 1724 2732 sed
1775 2668 1854 2732 de
1899 2668 2009 2732 illo
2056 2670 2314 2733 tertium
2363 2668 2583 2733 clauso
2630 2668 2776 2731 nul-

523 2794 659 2858 lum
730 2792 1041 2857 habemus
1102 2794 1542 2858 testimonium
1613 2796 1720 2858 cui
1765 2794 1964 2859 fidere
2009 2796 2347 2878 possimus.
2398 2794 2583 2859 Unus
2634 2799 2774 2859 tan-

521 2923 855 2987 tummodo
909 2927 1121 2988 exstat
1169 2921 1525 3003 locuS‚·ubi
1572 2926 1871 2986 narratur
1913 2921 2286 3006 Augustum
2339 2922 2549 2986 denuo
2596 2920 2773 2985 clau-

521 3050 682 3113 sisse
725 3047 956 3113 Ianum
1003 3068 1170 3113 anno
1219 3050 1258 3111 2
1306 3069 1359 3113 a.
1408 3047 1549 3112 Chr.
1598 3046 1907 3131 (Orosius,
1953 3048 2062 3112 lib.
2101 3047 2212 3110 VI.
2255 3067 2306 3111 c.
2349 3049 2453 3111 22.
2499 3048 2575 3128 1),
2602 3047 2773 3131 quod

520 3174 757 3238 factum
829 3194 867 3238 a
935 3173 1114 3238 nullo
1185 3174 1308 3237 alio
1378 3175 1687 3258 scriptore
1759 3173 2189 3237 confirmatur.
2258 3171 2381 3236 Dio
2429 3173 2556 3254 (lib.
2604 3172 2771 3236 LIV.

520 3319 652 3384 cap.
717 3301 823 3383 36)
885 3306 1194 3365 memorat
1255 3306 1550 3365 senatum
1610 3300 1929 3383 templum
1994 3300 2207 3363 claudi
2267 3301 2537 3364 iussisse
2601 3320 2770 3365 anno

526 3428 605 3490 10
654 3448 706 3492 a.
757 3426 918 3509 Chr„
964 3427 1138 3511 quod
1184 3432 1397 3491 tamen
1445 3425 1794 3491 Daciorum
1844 3424 2188 3491 rebellione
2231 3427 2608 3510 impeditum
2657 3432 2771 3492 est.

521 3552 626 3617 Sic
672 3558 885 3618 autem
934 3552 1427 3617 Monumentum
1477 3553 1898 3634 Ancyranum
1949 3552 2305 3635 intelligere
2351 3557 2415 3615 et
2459 3554 2771 3637 interpre-

518 3681 640 3744 tari
705 3698 1072 3763 possumuS,
1140 3679 1252 3743 ubi
1322 3678 1629 3762 legimus:
1709 3676 1910 3758 „Cum
1984 3678 2153 3759 (que)
2222 3696 2260 3740 a
2308 3677 2564 3741 condita
2612 3676 2771 3740 urbe

517 3806 749 3872 Ianum
812 3806 1153 3883 Quirinum
1205 3804 1303 3870 bis
1351 3807 1612 3870 omnino
1660 3805 1956 3869 clausum
2003 3803 2205 3867 fuisse
2252 3803 2578 3887 prodatur,
2622 3822 2769 3868 eum

519 3932 796 3997 Senatus
856 3950 970 4015 per
1032 3949 1132 3995 me
1195 3930 1556 4014 Principem
1617 3935 1714 3995 ter
1775 3929 2204 3995 claudendum
2253 3948 2394 3994 esse
2437 3928 2689 4010 iussit-,'’
2737 3949 2772 3994 e

525 4056 763 4142 quibus
833 4055 1046 4122 verbis
1116 4075 1292 4121 nunc
1363 4061 1625 4140 apparet
1695 4055 1797 4120 bis
1844 4074 2067 4120 revera
2113 4056 2423 4139 templum
2474 4056 2766 4119 clausum

514 4183 732 4266 fuisse,
778 4182 891 4247 sed
936 4184 1197 4246 tertium
1246 4182 1573 4247 decretum
1621 4181 1688 4245 id
1737 4181 1998 4266 quidem
2059 4201 2096 4245 a
2142 4187 2369 4245 senatu
2415 4180 2635 4262 fuisse,
2681 4185 2771 4243 at-

514 4314 728 4374 tamen
776 4308 1085 4392 templum
1130 4310 1420 4392 apertum
1472 4308 1802 4372 mansisse.

614 4434 775 4499 Cum
824 4452 974 4519 ergo
1015 4434 1350 4497 videamus
1392 4432 1470 4496 de
1508 4432 1763 4496 duobus
1800 4432 1900 4495 his
1939 4430 2123 4495 factis
2148 4430 2591 4494 tantummodo
2616 4431 2770 4495 satis
