3509 5509
1868 645 1953 708 48

778 857 1248 940 interpolatoris
1295 855 1623 935 emblema,
1661 853 2098 938 Suetonioque
2139 857 2253 918 vix
2288 855 2481 940 digna
2521 876 2678 922 esse.
2702 858 2806 921 Ad
2835 879 3026 942 quam

780 984 1146 1068 opinionem
1216 984 1406 1047 etiam
1478 1001 1580 1045 me
1641 980 1904 1064 adpellit
1964 985 2185 1045 textus
2234 980 2638 1047 Monumenti
2682 985 3036 1069 Ancyrani,

781 1107 893 1173 ubi
962 1107 1122 1171 nihil
1190 1107 1269 1170 de
1333 1107 1637 1188 temporis
1700 1103 1988 1168 breviore
2050 1106 2253 1188 spatio
2317 1105 2608 1189 legimus,
2656 1127 2804 1171 oum
2854 1129 3032 1194 prae-

781 1233 997 1298 sertim
1062 1230 1552 1294 Monumentum
1611 1229 1783 1292 haud
1848 1229 2045 1293 dubie
2106 1233 2353 1294 auctori
2414 1231 2558 1294 fons
2612 1231 2807 1295 fuerit
2859 1235 3033 1299 unde

783 1360 997 1424 hausit
1042 1358 1198 1423 haec
1243 1357 1475 1421 omnia.
1523 1355 1785 1420 Sublato
1833 1375 1984 1440 ergo
2031 1358 2150 1421 hoo
2199 1356 2575 1422 emblemate
2622 1359 3027 1441 potissimum

782 1503 856 1549 eo
928 1484 1114 1547 modo
1185 1484 1564 1547 sententiam
1635 1487 1917 1547 nostram
1990 1484 2298 1568 legerem:
2371 1483 2608 1549 Ianum
2676 1483 3034 1568 Quirinum,

781 1610 964 1675 semel
1028 1615 1216 1692 atque
1284 1612 1508 1674 iterum
1574 1630 1617 1673 a
1684 1609 1933 1675 condita
1999 1611 2154 1675 urbe
2220 1615 2369 1675 ante
2433 1611 2787 1675 memoriam
2850 1631 3031 1675 suam

784 1737 1084 1821 clausum,
1131 1742 1305 1802 terra
1347 1739 1632 1823 marique
1666 1759 1828 1823 pace
1863 1741 2054 1822 poerte
2098 1736 2461 1802 interclusit.

1150 2080 1298 2166 Gap.
1362 2083 1465 2144 24.
1530 2079 1854 2146 Decimam
1906 2081 2204 2166 leqiouem
2250 2084 2675 2147 contumacius
2706 2091 3041 2169 parentem

1231 2228 1367 2271 cum
1413 2207 1757 2289 iynominia
1799 2213 1990 2271 totam
2035 2207 2290 2290 dimisit,
2336 2209 2482 2272 item
2504 2208 2669 2272 alias
2692 2209 3042 2274 immodeste

1230 2335 1578 2398 missionem
1635 2332 2033 2417 postulantes
2078 2332 2240 2397 citra
2287 2332 2599 2396 commoda
2646 2335 3038 2397 emeritorum

1220 2461 1653 2545 praemiorum
1697 2459 2134 2524 exauctoravit.

877 2745 1092 2811 Verba
1158 2743 1471 2810 commoda
1537 2744 1933 2809 emeritorum
1994 2742 2422 2823 praemiorum
2489 2743 2838 2827 tautologia
2906 2764 3035 2807 non

787 2873 1050 2938 ferenda
1117 2872 1407 2937 laborare
1474 2874 1602 2936 iam
1665 2874 1918 2936 monuit
1963 2870 2716 2956 Baumgarten-OrusiUS,
2762 2878 2826 2936 et
2871 2877 3039 2937 recte

791 3001 1070 3084 quidem,
1136 3018 1285 3063 nam
1332 2999 1644 3064 commoda
1691 3004 1754 3062 et
1787 2998 2082 3082 praemia
2127 3016 2391 3082 prorsus
2439 2998 2607 3063 idem
2657 2999 2886 3063 valent.
2934 2998 3040 3063 Sio

788 3127 1064 3209 legimus
1133 3126 1304 3211 apud
1367 3130 1691 3190 auctorem
1758 3129 2086 3188 nostrum:
2135 3124 2305 3207 Aug.
2352 3143 2487 3209 cap.
2536 3125 2656 3188 49:
2712 3172 2743 3206 „
2773 3172 2787 3188 .
2960 3124 3039 3189 ad

792 3256 1028 3315 certam
1116 3252 1581 3335 stipendiorum
1652 3251 2213 3335 praemiorumque
2273 3249 2615 3313 formulam
2679 3251 3043 3333 adstrinxit,

793 3378 1072 3444 definitis
1097 3427 1111 3441 .
1140 3427 1154 3442 .
1182 3427 1238 3444 ..
1303 3377 1656 3442 commodis
1719 3375 2180 3457 missionum”;
2230 3375 2425 3460 Galig.
2473 3396 2605 3460 cap.
2653 3378 2775 3440 44:
2832 3397 3043 3459 „oom-

795 3493 982 3570 m'oda
1028 3506 1327 3571 emeritae
1375 3503 1715 3585 militiae’';
1766 3502 1957 3584 Nero,
2003 3522 2134 3586 cap.
2185 3504 2301 3565 32:
2358 3503 2717 3586 „stipendia
2763 3503 3037 3568 militum

794 3639 856 3698 et
924 3632 1256 3697 commoda
1308 3629 1843 3709 'veteranorum'';
1914 3627 2134 3710 Galba,
2178 3648 2311 3713 cap.
2364 3629 2479 3691 12:
2535 3628 3040 3709 „Germanorum

795 3760 1116 3824 cohortem
1166 3760 1306 3823 sine
1352 3758 1486 3822 ullo
1533 3756 1869 3833 commodo
1914 3756 2162 3821 remisit
2204 3756 2273 3817 in
2323 3754 2666 3840 patriam'’;
2722 3761 2786 3819 et
2831 3755 3042 3821 Vitell.

797 3905 930 3969 cap.
1003 3886 1117 3948 15:
1189 3889 1458 3965 „ut....
1523 3888 1972 3948 veteranorum
2019 3883 2356 3964 iustaeque
2402 3881 2666 3946 militiae
2712 3883 3045 3947 commoda

795 4007 1263 4094 polliceretur.”
1325 4007 1533 4093 Igitur
1590 4009 1752 4071 citra
1784 3984 2129 4071 'commoda
2189 4005 2580 4071 emeritorum
2620 4009 3045 4086 praemiorum

798 4136 965 4200 idem
1039 4135 1205 4199 valet
1267 4154 1340 4198 ac
1400 4135 1537 4199 sine
1589 4133 1893 4214 praemiis
1950 4131 2344 4196 emeritorum
2385 4132 2824 4217 praemiorum,
2872 4136 3046 4218 quod

799 4281 1027 4326 sanum
1077 4279 1218 4325 esse
1265 4280 1393 4324 non
1443 4266 1668 4344 potest.

887 4387 939 4449 E
999 4388 1380 4471 glossemate
1427 4354 1731 4449 nimirum
1784 4383 2165 4448 vocabulum
2208 4383 2631 4465 praemiorum
2678 4386 2743 4447 in
2794 4391 3044 4451 textum
