3509 5509
1806 637 1888 700 70

719 863 940 910 revera
996 847 1329 910 ianitorem
1394 845 1617 910 reddit.
1664 844 1887 912 Totam
1935 847 2242 930 principis
2291 847 2608 911 actionem
2660 845 2970 927 symboli-

717 991 856 1036 cam
905 989 1064 1055 esse,
1111 990 1298 1036 nemo
1346 975 1460 1053 est,
1508 971 1623 1054 qui
1670 989 1797 1035 non
1844 970 2179 1054 intelligat,
2214 990 2345 1054 qua
2385 971 2463 1035 de
2487 990 2681 1036 causa
2708 972 2972 1036 minime

718 1117 882 1181 opus
927 1102 1024 1162 est
1069 1098 1440 1181 Augustum
1491 1116 1696 1161 unum
1744 1097 2189 1161 tantummodo
2238 1095 2747 1161 tintinnabulum
2796 1096 2971 1170 aedis

718 1225 950 1288 ianuae
1016 1223 1291 1308 affigere,
1358 1224 1528 1289 sicut
1593 1223 1866 1289 fortasse
1936 1223 2075 1288 fieri
2123 1222 2369 1288 solebat
2413 1225 2481 1287 in
2529 1197 2963 1288 Romanorum

716 1350 952 1414 insulis
1021 1356 1084 1414 et
1151 1351 1220 1412 in
1293 1368 1627 1435 procerum
1703 1349 2019 1415 domibus.
2088 1350 2385 1416 Fortasse
2453 1350 2615 1434 dico,
2676 1371 2825 1416 nam
2892 1351 2971 1416 de

718 1475 1298 1540 tintinnabulorum
1373 1494 1496 1540 usu
1569 1476 1946 1559 quotidiano
2015 1477 2185 1542 inter
2244 1496 2313 1546 se
2372 1496 2504 1541 non
2553 1478 2968 1542 consentiunt

719 1603 843 1666 viri
890 1600 1078 1665 docti.
1125 1599 1250 1664 Dio
1298 1599 1560 1666 Cassius
1605 1602 1798 1683 enim,
1835 1605 1909 1666 ut
1949 1621 2153 1665 unum
2194 1620 2278 1666 ex
2302 1602 2684 1684 antiquitate
2708 1601 2966 1666 afferam

719 1727 1106 1811 exemplum,
1151 1728 1218 1790 in
1268 1727 1503 1790 somnii
1551 1727 1834 1810 Augusti
1885 1728 2267 1810 narratione,
2313 1726 2538 1792 refert:
2594 1726 2680 1808 „oi
2716 1726 2832 1807 γὰρ
2857 1725 2971 1798 τὰς

720 1852 1006 1926 συνοικίας
1053 1850 1266 1933 νύκτωρ
1311 1849 1720 1933 Φυλάσσοντες
1767 1851 2274 1937 κωδωνοφορόυσιν,
2318 1849 2473 1926 ὅπως
2516 1852 2819 1933 σημαίνειν
2840 1903 2855 1921 .
2880 1903 2895 1921 .
2915 1903 2930 1921 .
2956 1903 2971 1921 .

720 1978 1058 2044 δύνωνται.’“
1121 1978 1493 2044 Secundum
1559 1998 1707 2044 eum
1757 1981 1957 2064 igitur
2002 1980 2510 2046 tintinnabulum
2562 2000 2691 2045 non
2737 1984 2973 2047 ianuae

721 2105 989 2170 affixum
1060 2109 1175 2188 est,
1243 2104 1358 2169 sed
1419 2124 1457 2168 a
1516 2105 1789 2170 ianitore
1847 2110 2157 2189 portatur,
2221 2111 2295 2170 ut
2357 2125 2431 2171 eo
2496 2107 2755 2191 signum
2822 2107 2972 2172 dare

722 2233 943 2317 possit.
1341 2301 1343 2303 ,

817 2357 1063 2423 Deinde
1131 2358 1287 2422 satis
1348 2360 1596 2421 constat
1656 2355 2044 2421 vocabulum
2106 2355 2434 2440 fastiyium
2485 2376 2750 2441 prorsus
2796 2359 2973 2424 aliud

727 2485 883 2570 quid
933 2483 1294 2569 significare
1339 2502 1535 2567 quam
1573 2483 1797 2565 ianua,
1834 2501 1953 2547 nec
1979 2502 2264 2567 unquam
2288 2483 2357 2548 id
2381 2483 2745 2567 significare
2769 2505 2974 2571 posse.

727 2612 980 2689 Quibus
1021 2611 1419 2695 argumentis
1457 2610 1641 2674 nisus
1681 2609 2066 2683 contendere
2104 2609 2310 2674 audeo
2352 2629 2709 2695 numquam
2753 2611 2977 2676 ultima

727 2739 882 2805 haec
949 2737 1144 2803 verba
1201 2758 1238 2802 a
1286 2735 1592 2802 Suetonio
1639 2737 1877 2821 scripta
1922 2754 2078 2801 esse.
2126 2735 2272 2801 Non
2322 2742 2477 2802 sunt
2522 2737 2817 2804 Suetonii
2864 2739 2976 2804 sed

725 2865 1114 2950 glossatoris.
1175 2864 1422 2927 Auctor
1482 2867 1701 2927 noster
1745 2864 2187 2928 tantummodo
2237 2866 2552 2929 narravit:
2610 2864 2977 2947 „Tintinna-

727 2993 900 3058 bulis
961 2991 1138 3056 aedis
1191 2990 1518 3075 fastigium
1573 2990 1855 3055 redimiit
1902 2990 2264 3075 Augustus,
2311 2995 2383 3055 ut
2429 2991 2678 3076 Iupiter
2721 2992 2975 3057 Tonans

727 3094 1082 3204 Capitolino
1144 3135 1259 3202 pro
1320 3117 1594 3181 ianitore
1641 3117 1975 3201 appositus
2020 3116 2407 3213 videretur'',
2451 3137 2525 3182 ac
2572 3117 2733 3182 nihil
2781 3118 2979 3183 aliud.

727 3247 956 3313 Lector
1014 3244 1345 3310 Romanus
1392 3245 1604 3309 statim
1654 3244 1977 3308 intellexit
2023 3244 2180 3328 quid
2230 3244 2473 3309 vellent
2521 3249 2583 3309 et
2626 3244 2973 3329 Augustus

689 3422 696 3429 -
732 3379 794 3439 et
839 3372 1208 3454 Suetonius,
1252 3391 1402 3436 nam
1450 3370 2027 3435 tintinnabulorum
2078 3390 2257 3452 uSUS,
2303 3371 2604 3455 quisquis
2651 3370 2793 3454 fuit,
2838 3372 2980 3436 sine

733 3500 930 3565 dubio
977 3497 1278 3563 omnibus
1321 3497 1629 3563 Romanis
1671 3502 1863 3562 notus
1904 3502 2053 3562 erat.
2105 3496 2434 3562 Glossator
2458 3490 2727 3581 quidam
2746 3501 2977 3580 tamen,

734 3632 808 3692 ut
853 3626 1138 3709 Augusti
1182 3624 1423 3689 factum
1472 3624 2015 3709 interpretaretur,
2060 3622 2253 3688 verba
2301 3624 2491 3688 citata
2512 3624 2980 3708 suprascripsit,

737 3757 812 3817 ut
870 3752 1215 3817 declararet
1276 3751 1370 3815 sic
1416 3750 1587 3835 apud
1635 3748 1959 3814 Romanos
2004 3749 2145 3815 fieri
2192 3749 2452 3814 solitum
2502 3768 2677 3831 esse;
2727 3769 2855 3833 qua
2901 3749 2980 3815 de

734 3900 930 3944 causa
976 3897 1206 3944 censeo
1253 3895 1328 3942 ea
1373 3876 1644 3942 delenda
1691 3895 1849 3941 esse.

1099 4126 1250 4213 Gap.
1313 4130 1413 4191 94.
1463 4126 1559 4209 *In
1620 4125 2016 4207 Asclepiadis
2074 4126 2394 4193 Mendetis
2454 4080 2982 4211 Theologmmenon

1178 4251 1359 4317 libris
1425 4250 1572 4337 layo,
1639 4250 1881 4335 Atiam,
1946 4271 2084 4315 oum
2151 4250 2240 4316 ad
2306 4249 2599 4316 sollemne
2666 4250 2982 4336 Apollinis

1179 4398 1428 4442 sacrum
1493 4377 1701 4443 media
1766 4382 1941 4443 nocte
2004 4378 2283 4456 venisset,
2347 4378 2555 4457 posita
2620 4376 2693 4442 in
2762 4378 2981 4459 templo
