3509 5509
1654 677 1734 738 27

571 905 640 948 re
709 891 854 948 ante
921 886 1140 948 oeulos
1209 885 1508 949 habuisse
1581 883 1869 950 Caesaris
1944 887 2177 964 locum,
2240 884 2428 946 cuius
2477 882 2822 945 auctoritas

568 1015 737 1073 certe
799 1011 997 1073 maior
1059 1010 1349 1074 habenda
1415 1017 1526 1074 est.
1576 1009 1660 1072 Et
1705 1012 1843 1094 ipse
1892 1009 2139 1090 Caesar,
2190 1010 2256 1070 ni
2303 1007 2508 1088 fallor,
2557 1005 2818 1069 arbitra-

571 1137 735 1200 rium
800 1135 972 1199 dedit
1033 1155 1394 1216 numerum,
1456 1137 1609 1200 satis
1659 1155 1986 1219 magnum,
2032 1153 2114 1199 ex
2162 1153 2289 1217 quo
2340 1139 2601 1216 apparet
2646 1148 2817 1193 aeer-

572 1262 730 1324 rime
794 1267 1150 1343 pugnatum
1210 1260 1411 1325 fuisse
1473 1261 1642 1344 apud
1691 1260 2022 1324 castellum
2072 1276 2285 1339 suum,
2332 1277 2479 1321 nam
2534 1258 2645 1320 vix
2691 1277 2822 1321 cre-

571 1384 784 1474 dibile,
826 1389 923 1449 est
986 1386 1220 1449 milites
1267 1386 1406 1449 eius
1453 1385 1645 1450 rebus
1691 1393 1820 1448 tam
1870 1383 2239 1448 difficilibus
2287 1388 2480 1466 atque
2529 1384 2823 1466 angustis

571 1511 763 1574 anxie
813 1513 1254 1575 numeravisse
1301 1530 1522 1575 omnes
1570 1512 1832 1595 sagittas
1878 1513 2047 1574 intra
2094 1510 2330 1574 vallum
2382 1516 2681 1592 repertas.
2801 1575 2805 1582 Α

659 1633 909 1699 Deinde
972 1635 1416 1700 tantummodo
1479 1637 1834 1719 respiciunt
1888 1636 2124 1698 milites
2172 1653 2279 1698 eas
2326 1635 2608 1717 sagittas,
2657 1654 2822 1718 quae

569 1761 738 1823 intra
799 1760 1042 1824 vallum
1107 1761 1498 1840 oeciderunt,
1559 1779 1799 1841 earum,
1865 1779 2030 1843 quae
2091 1767 2271 1823 extra
2320 1760 2560 1823 vallum
2610 1763 2822 1824 iacent

569 1884 814 1950 nullam
875 1885 1120 1950 faciunt
1183 1887 1605 1965 mentionem3
1669 1890 1946 1949 attamen
2015 1884 2237 1968 procul
2286 1884 2483 1949 dubio
2532 1891 2594 1949 et
2640 1892 2823 1950 extra

573 2009 811 2072 vallum
876 2010 1232 2080 nonnullae
1285 2011 1584 2094 pluresve
1644 2012 1914 2094 sagittae
1977 2011 2156 2074 humi
2217 2010 2525 2075 iacebant.
2574 2011 2819 2076 Censeo

569 2153 718 2218 ergo
783 2133 1070 2199 Caesaris
1130 2136 1468 2200 lectionem
1530 2138 1597 2199 in
1661 2142 1944 2231 nostram
2008 2137 2389 2219 sententiam
2438 2136 2820 2201 transferen-

571 2260 714 2323 dam
785 2279 926 2324 esse
987 2266 1058 2354 et
1126 2261 1467 2344 legendum
1517 2262 1688 2345 apud
1734 2261 2114 2326 Suetonium
2162 2263 2250 2326 ad
2293 2264 2561 2346 triyinta
2604 2262 2818 2327 millia.

570 2385 950 2451 Praesertim
1019 2388 1085 2451 id
1155 2387 1494 2452 defendere
1563 2407 1930 2472 possumus,
1991 2390 2163 2473 quod
2227 2390 2449 2454 nullus
2496 2390 2655 2454 liber
2700 2389 2820 2454 Ms.

570 2511 674 2574 dat
726 2530 1066 2576 numerum
1117 2516 1380 2596 centum,
1425 2514 1537 2577 sed
1585 2514 2027 2577 tantummodo
2074 2515 2137 2596 C,
2179 2515 2350 2598 quod
2393 2486 2696 2600 nimirum
2724 2510 2854 2580 est'

566 2637 956 2720 glossatoris,
1021 2640 1131 2720 qui
1193 2639 1593 2722 interpretari
1648 2639 1855 2703 voluit
1901 2641 2431 2722 praepositionem
2478 2641 2577 2705 ad.
2632 2642 2683 2702 O
2724 2647 2823 2706 est

568 2784 680 2848 pro
726 2764 914 2847 eirca,
961 2765 1225 2846 circiter,
1271 2784 1355 2829 ex
1402 2764 1671 2829 Caesare
1717 2778 2024 2831 sumtum.
2072 2741 2452 2833 Suetonium
2500 2772 2817 2853 praeposi-

565 2891 740 2954 tione
784 2890 871 2954 ad
919 2910 1106 2954 usum
1155 2891 1358 2957 fuisse
1405 2893 1521 2955 hae
1571 2891 2039 2976 significatione
2086 2901 2345 2978 apparet
2392 2915 2475 2959 ex
2520 2895 2839 2979 pluribus-

565 3018 741 3098 loeiS,
809 3037 892 3082 ex
963 3018 1201 3101 quibus
1270 3020 1429 3082 cito:
1505 3018 1752 3102 Caesar,
1823 3040 1955 3103 oap.
2019 3022 2102 3084 20
2165 3028 2229 3085 et
2295 3024 2407 3103 253
2457 3024 2819 3107 Augustus,

531 3148 696 3227 oap.
751 3145 852 3211 15.
902 3142 1179 3227 Legatur
1226 3163 1376 3229 ergo
1422 3147 1489 3208 in
1539 3148 1859 3210 sententia
1907 3153 2157 3211 nostra:
2210 3170 2566 3230 ....paene
2617 3155 2819 3218 omnis

564 3270 810 3350 confixa
855 3270 1254 3336 multitudine
1300 3270 1616 3336 hostilium
1661 3273 2062 3359 saqittarum,
2110 3295 2372 3360 quorum
2419 3278 2507 3341 ad
2551 3279 2815 3361 triyz’nta

563 3397 765 3461 millia
793 3398 989 3482 'intra
1032 3398 1263 3493 voltum
1309 3406 1558 3479 reperta
1602 3406 1766 3464 sunt.

863 3707 866 3712 v
925 3666 1081 3751 Gap.
1150 3674 1250 3735 82.
1323 3670 1644 3737 Caesar..
1677 3720 1734 3736 ..
1800 3677 1989 3754 utque
2045 3669 2493 3743 animadvertit
2536 3681 2813 3768 undique

1008 3817 1072 3859 se
1140 3798 1378 3861 strictis
1437 3798 1813 3879 puqionibus
1873 3800 2024 3885 peti,
2094 3806 2236 3885 toya
2288 3812 2479 3885 caput
2537 3806 2813 3894 obvolvit,

1006 3921 1194 3986 simul
1238 3922 1504 3987 sinistra
1538 3943 1736 3987 manu
1772 3924 1984 3989 sinum
2022 3926 2110 3991 ad
2146 3929 2273 3993 ima
2314 3951 2510 3997 crura
2534 3934 2811 4021 deduxit,

1010 4068 1132 4131 quo
1216 4048 1528 4115 honestius
1603 4050 1845 4116 caderet
1912 4053 2099 4117 etiam
2165 4055 2471 4138 inferiore
2539 4063 2813 4141 corporis

1001 4178 1184 4253 parte
1231 4174 1470 4240 velata!

655 4405 898 4471 Ultima
968 4410 1164 4474 huius
1233 4414 1585 4477 sententiae
1655 4413 1866 4498 verba,
1935 4415 2118 4479 etiam
2190 4418 2494 4501 inferiore
2540 4424 2815 4503 corporis
