3509 5509
1869 679 1954 739 54

783 902 911 966 que
995 902 1070 946 ea
1135 883 1356 965 forma,
1428 903 1556 966 qua
1625 905 1656 946 e
1717 885 1983 966 vestiyio,
2054 887 2368 969 extemplo,
2439 879 2604 969 quae
2674 886 2839 950 idem
2910 887 3035 968 sig-

777 1008 1105 1073 nificant.’'

863 1132 987 1197 Sed
1053 1153 1094 1196 a
1162 1133 1286 1197 loco
1355 1134 1475 1198 hoc
1543 1133 1905 1218 significare
1971 1154 2099 1198 non
2165 1141 2387 1218 potest,
2434 1154 2552 1199 nec
2599 1135 2769 1199 idem
2818 1138 2915 1199 est
2962 1155 3035 1197 ac

773 1277 806 1320 e
851 1255 990 1321 loco.
1040 1256 1394 1321 Dimidium
1443 1277 1592 1342 ergo
1639 1260 2085 1323 tantummodo
2135 1262 2274 1324 viae
2323 1260 2604 1325 decurrit
2629 1261 3037 1324 vetusinter-

780 1403 944 1468 preS‚
992 1385 1147 1469 quia
1193 1403 1321 1448 non
1375 1385 1534 1448 vidit
1580 1386 1646 1447 in
1699 1385 2026 1450 vocabulis
2074 1405 2115 1448 a
2159 1385 2284 1450 loco
2323 1386 2629 1469 idipsum
2655 1385 3031 1449 adverbium

776 1511 992 1588 latere,
1039 1510 1209 1594 quod
1261 1511 1646 1595 quaerimus.
1695 1509 2066 1594 Legendum
2116 1516 2329 1574 autem
2382 1529 2611 1574 censeo
2652 1530 2766 1594 pro
2804 1509 3029 1574 alono:

775 1634 953 1717 illico,
1021 1655 1170 1699 nam
1238 1635 1305 1698 id
1374 1636 1584 1699 solum
1657 1635 1899 1699 bonum
1970 1635 2225 1719 praebet
2287 1655 2569 1701 sensum.
2618 1635 2811 1699 Nunc
2859 1636 3029 1698 enim

774 1763 1083 1846 legimus:
1157 1759 1570 1825 Commodius
1630 1761 1697 1824 id
1763 1764 1975 1826 visum
2043 1767 2155 1844 est,
2205 1768 2275 1825 ut
2334 1763 2399 1844 ii,
2449 1763 2581 1845 qui,
2631 1762 2844 1825 statim
2893 1765 3035 1844 post

775 1886 1058 1968 aliquam
1103 1905 1240 1950 rem
1286 1891 1554 1969 gestam,
1601 1893 1746 1969 post
1792 1886 2037 1971 aliquid
2083 1887 2348 1969 gravius
2392 1887 2654 1968 factum,
2690 1886 3035 1950 nuntiandi

778 2032 972 2077 causa
1038 2010 1307 2075 Romam
1375 2012 1556 2075 missi
1623 2016 1797 2090 sunt,
1857 2013 1980 2096 ipsi
2027 2014 2409 2097 interrogari
2457 2031 2714 2096 quoque
2758 2016 3041 2095 possent,

779 2141 833 2204 si
896 2138 1055 2222 quid
1117 2139 1271 2202 haec
1317 2156 1439 2219 res,
1487 2138 1607 2201 hoc
1652 2138 1891 2203 factum
1940 2143 2243 2223 exigeret.
2292 2139 2558 2204 Summa
2602 2146 2815 2204 autem
2866 2160 3039 2204 com-

775 2264 949 2327 modi
1021 2265 1090 2326 in
1157 2282 1326 2327 novo
1387 2265 1827 2328 vehiculorum
1889 2267 2152 2330 invento
2203 2267 2359 2331 haec
2405 2267 2547 2349 fuit,
2595 2267 2768 2350 quod
2815 2267 2880 2348 ii,
2926 2267 3039 2349 qui

781 2390 996 2453 statim
1059 2387 1327 2452 Romam
1379 2390 1558 2453 missi
1602 2390 1876 2473 fuerant,
1922 2391 2303 2456 brevissimo
2351 2397 2636 2475 tempore
2682 2391 2762 2454 ad
2808 2392 3042 2474 princi-

790 2533 932 2598 pem
982 2513 1456 2597 perveniebant,
1503 2516 1676 2599 quod
1719 2514 1858 2580 fieri
1900 2511 2033 2581 'non
2081 2522 2372 2601 potuerat
2417 2517 2745 2602 dispositis
2792 2535 2904 2600 per
2944 2519 3040 2580 in·

789 2641 1054 2707 tervalla
1099 2640 1486 2705 cursoribus.

878 2767 1282 2831 Adverbium
1355 2767 1514 2832 illico
1582 2767 1887 2834 Suetonio
1959 2790 2088 2833 non
2153 2771 2445 2854 ignotum
2493 2769 2694 2834 fuisse
2740 2775 2915 2853 patet
2960 2790 3044 2834 ex

793 2891 1079 2957 Caesaris
1124 2896 1276 2975 vita,
1321 2913 1457 2976 cap.
1510 2895 1629 2957 82:
1684 2895 1999 2978 „ilicoque
2049 2894 2303 2960 Cimber
2346 2894 2573 2959 Tillius
2599 2944 2613 2958 .
2638 2944 2651 2958 .
2680 2944 2693 2957 .
2720 2943 2734 2957 .
2782 2896 3044 2978 propius

791 3016 1136 3096 accessit’';
1187 3036 1268 3081 ex
1315 3016 1443 3081 Cal.
1493 3037 1625 3101 cap.
1676 3019 1795 3081 51:
1852 3037 2132 3101 „equum
2182 3020 2328 3083 ilico
2374 3018 2788 3084 conscendit”
2829 3026 2893 3083 et
2914 3018 3044 3083 Ne-

791 3144 985 3223 ronis,
1032 3161 1166 3227 cap.
1215 3144 1333 3205 32:
1390 3141 1776 3223 „detractam
1825 3145 2227 3223 (matronam)
2275 3143 2422 3206 ili‘co
2471 3162 2600 3206 non
2650 3147 2826 3206 veste
2851 3141 3039 3204 modo

791 3268 906 3332 sed
951 3275 1014 3332 et
1058 3268 1245 3332 bonis
1292 3253 1533 3332 exuit”.

878 3391 1099 3456 Restat
1147 3396 1218 3455 ut
1263 3394 1329 3455 in
1379 3393 1696 3456 sententia
1741 3397 1963 3456 nostra
2006 3393 2477 3456 restituendum
2526 3412 2877 3477 proponam
2906 3410 3045 3456 ver-

792 3517 1017 3582 borum
1067 3524 1322 3603 tempus
1369 3518 1825 3603 imperfectum.
1866 3518 2295 3583 Praecedente
2337 3520 2653 3583 sententia
2676 3518 3045 3603 imperfecto

793 3651 1077 3730 tempore
1122 3646 1330 3710 utitur
1376 3650 1616 3728 auctor,
1666 3665 1786 3711 nec
1835 3646 1965 3710 ulla
2008 3645 2301 3710 exstabat
2350 3666 2546 3711 causa
2592 3666 2711 3709 cur
2748 3646 2867 3709 hoc
2909 3665 3047 3709 mu-

792 3777 972 3836 taret.
1018 3772 1173 3835 Tota
1220 3773 1704 3835 narratiuncula
1753 3777 1995 3856 spectat
2042 3772 2122 3836 ad
2166 3772 2454 3856 Augusti
2501 3778 2776 3856 tempus,
2814 3791 2945 3835 non
2970 3771 3049 3836 ad

795 3898 1121 3977 Suetonii,
1185 3897 1518 3962 referenda
1578 3916 1728 3981 ergo
1790 3898 1944 3962 haec
1992 3897 2184 3961 verba
2232 3898 2310 3961 ad
2360 3899 2643 3982 Augusti
2688 3899 3049 3961 consilium.

797 4022 983 4099 Quod
1029 4025 1119 4088 ita
1163 4023 1529 4101 Suetonius
1575 4024 1932 4088 secundum
1985 4024 2331 4112 nonnullos
2378 4025 2778 4107 interpreteS,
2824 4024 3052 4087 docere

796 4151 1072 4215 voluerit
1119 4170 1238 4215 sua
1283 4150 1492 4214 adhuc
1539 4155 1744 4214 aetate
1787 4150 1852 4213 id
1895 4151 2261 4214 institutum
2312 4154 2637 4214 servatum
2686 4167 2848 4231 esse,
2892 4148 3054 4211 nihil

795 4278 876 4341 ad
935 4296 1069 4341 rem
1116 4277 1288 4360 facit,
1331 4297 1478 4342 nam
1529 4278 1793 4341 minime
1841 4277 1919 4341 de
1966 4296 2109 4360 suc,
2154 4278 2265 4341 sed
2314 4276 2393 4341 de
2437 4277 2722 4361 Augusti
2770 4280 3054 4359 tempore

798 4403 1006 4467 refert.
1053 4403 1370 4467 Nonnulli
1419 4422 1678 4488 quoque
1725 4403 1978 4467 codices
2024 4402 2464 4485 imperfectum
2506 4402 2761 4486 habent,
2800 4420 3051 4466 necnon
