3509 5509
1121 735 1146 764 a
1780 699 1865 762 62

693 914 1086 993 argumenta,
1151 929 1316 993 quae
1377 909 1645 994 probare
1693 930 1821 973 non
1872 929 2156 994 possum.
2204 909 2348 973 Non
2398 912 2569 974 enim
2616 914 2799 993 putat
2845 911 2931 974 al-

693 1039 1010 1098 terutrum
1060 1035 1282 1100 abesse
1327 1055 1516 1120 posse
1562 1036 1968 1118 vocabulum,
2015 1037 2169 1118 quia
2211 1036 2569 1119 periculum
2608 1037 2837 1119 ingens
2876 1039 2937 1098 et

695 1160 933 1243 duplex
987 1161 1129 1244 fuit,
1175 1167 1238 1225 et
1285 1181 1367 1225 ex
1415 1162 1731 1241 repentino
1779 1134 2047 1225 incursu
2093 1166 2156 1225 et
2202 1181 2285 1224 ex
2329 1181 2480 1245 apro
2526 1161 2679 1245 fero.

783 1287 910 1352 Sed
977 1291 1282 1352 nimirum
1358 1308 1580 1353 omnes
1651 1290 1789 1372 apri
1853 1288 1971 1352 feri
2034 1293 2207 1370 sunt,
2265 1307 2384 1352 nec
2430 1289 2788 1372 periculum
2838 1289 2947 1352 illo

695 1414 1008 1478 adiectivo
1069 1419 1356 1497 augetur.
1419 1412 1667 1477 Deinde
1715 1415 1867 1476 citat
1917 1413 2265 1476 nonnullos
2313 1412 2528 1477 Ovidii
2576 1433 2821 1495 versuS,
2870 1413 2947 1476 de

697 1539 934 1622 quibus
982 1539 1101 1603 hoc
1147 1539 1590 1603 tantummodo
1637 1539 2021 1603 contendere
2070 1539 2251 1602 volo:
2300 1537 2691 1622 Numquam,
2732 1543 2805 1603 ut
2842 1539 2947 1602 fir-

698 1666 883 1728 miter
951 1665 1156 1746 credo,
1218 1665 1369 1728 licet
1413 1684 1498 1730 ex
1548 1683 1844 1730 sermone
1890 1666 2136 1748 poetico
2191 1664 2447 1729 haurire
2494 1670 2945 1749 argumentum

697 1809 910 1874 neque
979 1789 1057 1852 ad
1129 1789 1612 1873 defendendam,
1681 1809 1893 1875 neque
1962 1790 2042 1852 ad
2103 1790 2495 1874 arguendam
2562 1791 2946 1854 locutionem

698 1916 1019 1980 insolitam
1085 1916 1254 1999 apud
1318 1915 1717 1998 Suetonium,
1779 1918 1969 1981 cuius
2031 1936 2241 1981 sermo
2303 1937 2565 2000 prorsus
2615 1916 2823 1980 differt
2870 1917 2948 1980 ab

701 2061 827 2106 usu
896 2044 1161 2126 poetico.
1225 2041 1376 2106 Sine
1437 2042 1634 2107 dubio
1699 2045 1903 2126 magis
1967 2043 2044 2106 ad
2096 2061 2229 2107 rem
2275 2042 2426 2106 facit
2475 2042 2647 2126 quod
2696 2043 2951 2106 duobus

701 2169 843 2232 aliis
891 2169 1046 2232 locis
1092 2169 1229 2251 ipse
1275 2172 1500 2231 auctor
1549 2169 1806 2252 scripsit
1852 2189 2087 2252 aprum
2131 2171 2271 2233 sine
2317 2170 2648 2234 adiectivo.
2972 2258 2980 2261 μ

790 2293 1094 2379 Legimus
1153 2296 1323 2359 enim
1390 2296 1454 2357 in
1524 2296 1652 2358 vita
1711 2294 1945 2360 Tiberii
2012 2315 2143 2379 cap.
2203 2297 2321 2358 34:
2378 2296 2952 2379 „dimidiatumque

705 2442 928 2505 aprum
1000 2421 1373 2510 apposuit'';
1446 2426 1507 2485 et
1568 2421 1805 2485 ibidem
1857 2441 1991 2505 cap.
2045 2422 2160 2484 72:
2220 2423 2528 2502 „missum
2578 2423 2646 2484 in
2692 2440 2949 2485 arenam

704 2567 930 2631 aprum
980 2547 1206 2611 iaculis
1255 2547 1530 2631 desuper
1576 2546 1819 2630 petiit''.
1870 2547 2229 2611 Posteriore
2277 2550 2647 2631 praesertim
2699 2549 2857 2628 1000,
2898 2549 2952 2612 si

707 2675 1033 2757 voluisset,
1095 2675 1150 2737 si
1213 2673 1358 2738 talis
1420 2672 1711 2737 Suetonii
1776 2693 1936 2737 usus
1982 2672 2229 2756 fuisset,
2278 2673 2593 2738 adiectivo
2640 2674 2850 2759 ferum
2894 2677 2953 2740 ei

710 2800 1020 2864 utendum
1068 2804 1218 2864 erat.

799 2926 999 2991 Credo
1070 2945 1220 3009 ergo
1267 2928 1454 2991 etiam
1506 2932 1724 2990 nostro
1776 2927 1912 2990 loco
1936 2926 2287 2991 ·abundare
2333 2927 2487 3011 feo-0,
2535 2929 2707 3010 quod
2754 2929 2955 3011 facile,

711 3072 748 3115 a
815 3051 1098 3115 secunda
1163 3071 1357 3114 manu
1422 3052 1950 3136 suprascriptum,
1998 3054 2060 3115 in
2114 3057 2360 3117 textum
2409 3056 2685 3136 irrepere
2731 3056 2956 3137 potuit,

709 3181 904 3259 atque
955 3177 1096 3241 ideo
1145 3176 1491 3241 delendum
1539 3196 1680 3242 esse
1727 3196 1976 3242 censeo.

798 3302 1039 3367 Eodem
1089 3304 1310 3387 capite,
1355 3306 1422 3366 in
1470 3304 1619 3387 fine,
1663 3305 1973 3389 legimus:

1067 3564 1292 3629 Thallo
1351 3586 1394 3629 a
1449 3587 1660 3649 manu,
1705 3567 1871 3652 quod
1911 3587 2027 3647 pro
2074 3568 2332 3647 epistola
2374 3570 2626 3653 prodita
2670 3570 2961 3635 denarios

1155 3692 1528 3778 quinqentos
1571 3694 1919 3777 accepisset,
1966 3714 2158 3757 crura
2202 3695 2259 3758 ei
2309 3695 2502 3779 freyit
2545 3716 2591 3759 e.
2616 3717 2672 3780 q.
2697 3717 2743 3760 8.

801 3925 906 3990 Sic
953 3946 988 3990 e
1035 3926 1250 3991 codice
1299 3925 1685 3991 Memmiano
1736 3928 2076 3993 ediderunt
2120 3930 2411 4015 plerique
2455 3932 2747 4014 editoreS,
2792 3934 2961 4017 pleo-

716 4073 938 4116 nasmo
988 4072 1118 4117 non
1165 4052 1443 4117 ferendo.
1495 4054 1629 4117 Alii
1677 4055 1929 4119 codices
1981 4055 2216 4120 habent
2260 4058 2529 4141 effreqit,
2553 4059 2725 4142 quod
2751 4064 2959 4123 tamen

716 4198 845 4243 non
917 4184 1014 4243 est
1081 4178 1352 4242 verbum
1427 4179 1735 4243 sollemne
1803 4181 1873 4243 in
1945 4181 2064 4244 hoc
2136 4183 2466 4266 supplicio.
2537 4182 2776 4267 Cicer0‚
2837 4185 2964 4249 Pro

720 4304 951 4367 Roscio
1023 4304 1238 4367 Amer.
1307 4324 1440 4388 cap.
1514 4307 1598 4369 20
1651 4312 1902 4370 narrat:
1959 4306 2245 4389 „Quodsi
2293 4310 2436 4374 luce
2482 4330 2671 4375 canes
2715 4312 2967 4399 latrent,

717 4431 797 4493 iis
869 4449 1056 4493 crura
1125 4429 1661 4513 suffringanturss’,
1725 4431 1839 4494 sed
1908 4430 2254 4496 Suetonius
2317 4454 2567 4519 semper
2621 4436 2737 4499 hac
2783 4439 2847 4500 in
2899 4458 2967 4503 re
