3509 5509
1801 657 1883 718 58

715 879 936 924 verum
987 866 1084 925 est
1129 882 1217 924 an
1263 863 1388 926 dici
1436 884 1624 948 posse
1669 885 1787 948 pro
1836 885 2065 948 annon,
2113 867 2489 949 sequiturne
2535 886 2617 929 ex
2666 885 2739 930 ea
2785 884 2854 930 re
2876 886 2963 928 an

709 1004 972 1067 prorsus
1018 986 1185 1051 idem
1236 988 1448 1054 valere
1492 995 1686 1074 atque
1729 991 1997 1055 annon?
2049 990 2354 1054 Mimime.
2404 989 2662 1054 Habent
2706 995 2768 1054 et
2793 1010 2957 1054 sem-

714 1127 826 1193 per
894 1109 1223 1175 habebunt
1267 1114 1477 1177 varias
1525 1114 2043 1198 significationeS,
2090 1136 2283 1199 quam
2333 1115 2413 1179 ob
2462 1135 2719 1180 causam
2770 1116 2960 1179 credo

713 1253 838 1298 non
887 1234 1150 1300 licuisse
1197 1237 1504 1303 Suetonio
1552 1240 1829 1305 scribere
1873 1261 1965 1304 an
2011 1261 2124 1325 pro
2172 1260 2409 1305 annon.

799 1361 1138 1445 Augustus
1183 1365 1605 1449 interrogavit
1650 1365 2006 1431 Labeonem
2057 1372 2119 1431 et
2167 1367 2348 1449 dixit,
2394 1372 2539 1430 aut:
2580 1363 2826 1431 Suntne
2848 1366 2963 1430 alii

711 1489 1028 1585 diqniores
1041 1488 1090 1564 ἓ,
1138 1498 1282 1555 aut:
1331 1491 1561 1556 Nonne
1603 1497 1754 1556 sunt
1796 1493 1911 1557 alii
1954 1493 2267 1578 diqniores
2282 1491 2333 1575 ,9,
2378 1511 2543 1576 quae
2567 1493 2957 1578 permultum

709 1616 876 1679 inter
921 1635 991 1679 se
1038 1616 1354 1681 differunt.
1404 1618 1471 1683 Si
1519 1623 1860 1704 Augustus
1907 1621 2104 1685 dixit:
2162 1623 2305 1701 „An
2354 1625 2509 1684 sunt
2554 1621 2664 1684 alii
2713 1620 2958 1704 dignio—

711 1741 905 1806 res’'‘?
954 1743 1193 1808 ironice
1241 1745 1500 1810 locutus
1548 1752 1646 1811 est
1683 1752 1746 1811 et
1785 1748 1927 1811 eius
1967 1747 2163 1811 verba
2185 1747 2352 1810 idem
2380 1747 2745 1830 significant
2770 1750 2962 1829 atque

709 1866 797 1949 id,
864 1869 1038 1951 quod
1107 1871 1199 1933 sic
1270 1890 1382 1953 per
1441 1872 1803 1937 irrisionem
1868 1872 2210 1937 dicendum
2276 1877 2407 1936 est:
2478 1869 2773 1952 „Scilicet
2830 1891 2960 1935 non

713 1999 866 2058 sunt
932 1996 1041 2058 alii
1112 1996 1512 2080 digniores’';
1583 1998 1715 2065 vel:
1788 1999 1891 2080 „Is
1939 2001 2109 2063 enim
2160 1999 2452 2063 videlicet
2498 2017 2649 2081 prae
2696 2000 2961 2063 caeteris

715 2119 951 2203 dignus
996 2121 1138 2204 fuit,
1187 2141 1377 2204 quem
1427 2122 1733 2207 legereS.’'
1782 2123 1849 2188 Si
1896 2128 2108 2188 tamen
2156 2125 2439 2207 rogavit:
2497 2121 2767 2204 „Nonne
2811 2127 2964 2186 sunt

711 2246 817 2308 alii
870 2246 1304 2329 digniores‘?”,
1349 2248 1654 2313 insolenti
1707 2248 1983 2331 quadam
2027 2248 2328 2333 superbia
2365 2249 2621 2312 locutus
2646 2252 2758 2312 est.
2784 2247 2964 2312 Inest

713 2372 844 2436 illis
890 2375 954 2435 in
1008 2373 1218 2437 verbis
1266 2395 1496 2457 magna
1545 2375 1877 2456 acerbitaS,
1926 2394 2091 2458 quae
2139 2377 2287 2438 viva
2327 2375 2767 2439 tantummodo
2809 2394 2963 2439 voce

714 2500 987 2582 exprimi
1034 2504 1254 2582 potest.
1304 2499 1497 2564 Haud
1547 2501 1741 2566 dubie
1790 2507 2061 2586 utraque
2106 2502 2542 2585 interrogandi
2567 2503 2729 2565 ratio
2754 2506 2961 2565 osten-

714 2623 805 2687 dit
873 2626 1179 2708 principis
1251 2627 1428 2709 iram,
1490 2626 1603 2691 sed
1666 2629 1863 2692 variis
1910 2627 2137 2710 modiS,
2182 2630 2319 2691 sive
2366 2628 2626 2709 ironice,
2670 2629 2807 2691 sive
2854 2647 2962 2691 su-

712 2749 903 2835 perbe
951 2757 1012 2815 et
1057 2772 1286 2817 amare.
1331 2752 1717 2837 Eligendum
1767 2757 1968 2839 igitur
2017 2754 2201 2819 nobis
2242 2762 2355 2838 est,
2398 2761 2612 2820 utrum
2644 2756 2963 2836 malimuS,

718 2883 937 2942 utrum
986 2879 1340 2944 credamus.

804 3004 931 3068 Pro
997 3009 1170 3069 certo
1235 3004 1434 3069 habeo
1486 3026 1614 3069 uon
1663 3008 1997 3091 scripsisse
2044 3012 2364 3072 auctorem
2413 3028 2499 3071 an
2547 3028 2661 3092 pro
2710 3027 2960 3087 annom

713 3131 952 3214 optime
1022 3133 1082 3194 ei
1151 3136 1374 3195 notum
1447 3137 1544 3195 est
1613 3132 1957 3196 discrimen
2005 3134 2172 3197 inter
2218 3134 2379 3198 duas
2427 3134 2542 3198 has
2587 3136 2961 3199 locutiones.

715 3255 853 3339 Ego
900 3263 1114 3319 autem
1164 3257 1352 3320 credo
1400 3260 1776 3340 Augustum
1826 3260 2185 3341 rogavisse:
2234 3258 2464 3323 Nonne
2508 3267 2657 3324 sunt
2696 3260 2811 3325 alii
2833 3261 2966 3343 diq-

673 3440 676 3443 ,
716 3380 970 3445 niores?
1016 3380 1222 3465 Magis
1271 3382 1375 3445 hic
1422 3383 1637 3447 locum
1686 3401 1828 3447 esse
1867 3383 2215 3465 acerbitati,
2256 3384 2742 3470 superbiaeque,
2769 3407 2964 3471 quam

713 3508 956 3571 ironiae
1015 3526 1397 3591 persuasum
1453 3510 1670 3574 habeo.
1715 3509 1921 3573 Audit
1968 3511 2265 3594 princeps
2315 3530 2547 3575 nomen
2598 3513 2845 3577 inimici
2892 3534 2965 3578 ac

716 3636 929 3697 statim
979 3637 1216 3699 evomit
1260 3636 1440 3701 iram.
1493 3634 1716 3700 Subito
1766 3654 2039 3719 surgens
2085 3636 2315 3699 clamat
2362 3635 2554 3700 verba
2578 3657 2809 3718 amara,
2835 3658 2963 3702 non

717 3763 971 3845 cogitat,
1027 3781 1158 3824 non
1225 3761 1469 3826 urbane
1516 3761 1628 3825 sed
1675 3760 2204 3843 indignabundus
2252 3761 2553 3844 loquitur.
2600 3760 2965 3825 Restituen·

719 3890 861 3953 dam
912 3908 1062 3972 ergo
1111 3908 1339 3953 censeo
1386 3890 1724 3953 lectionem
1772 3908 1862 3952 an
1908 3907 2053 3952 non.

808 4014 934 4091 Qui
982 3989 1196 4079 autem
1243 4020 1469 4099 putant
1518 4016 1889 4099 Augustum
1938 4015 2179 4079 ironice
2231 4013 2418 4079 verba
2464 4013 2711 4097 fecisse,
2756 4015 2801 4077 ii
2842 4014 2964 4077 lec-

720 4142 956 4207 tionem
1023 4161 1114 4206 an
1171 4143 1444 4207 retinere
1503 4142 1757 4225 debent,
1801 4142 1911 4207 sed
1960 4141 2131 4205 haud
2181 4140 2374 4205 dubie
2421 4145 2641 4205 textus
2688 4141 2967 4205 traditus

718 4270 1026 4354 explicari
1095 4269 1476 4353 defendique
1546 4290 1675 4334 non
1746 4275 1956 4353 potest
2022 4274 2349 4354 tamquam
2400 4270 2767 4354 exemplum
2815 4270 2965 4351 styli

721 4394 1027 4460 Suetonio
1074 4396 1330 4479 proprii.
