3509 5509
1599 677 1690 740 65

513 902 671 965 esse,
733 903 922 950 nemo
971 891 1088 963 est,
1135 888 1249 970 qui
1295 905 1425 950 non
1470 887 1706 952 sentiat
1743 891 1807 950 et
1854 888 2047 952 variis
2097 887 2309 952 modis
2354 891 2763 954 tentaverunt

509 1010 890 1094 interpretes
929 1011 1248 1096 explicare
1288 1013 1670 1077 sententiam
1709 1013 2019 1078 insanam.
2052 1011 2196 1095 Sed,
2220 1018 2293 1078 ut
2316 1018 2487 1078 recte
2512 1016 2765 1079 monuit

509 1135 852 1202 Polakius:
922 1135 1142 1219 „Quae
1190 1143 1434 1203 veteres
1482 1138 1687 1202 critici
1733 1138 1814 1203 ad
1860 1137 2074 1203 locum
2125 1139 2484 1204 sanandum
2532 1140 2764 1204 attule-
2873 1233 2877 1236 ὓ

509 1267 680 1345 runt,
742 1262 878 1328 fere
920 1260 1140 1344 ἄρρητοι
1186 1261 1469 1342 &arluc-‚P
1515 1263 1652 1328 Nec
1699 1269 1913 1329 tamen
1961 1269 2139 1329 tanta
2185 1265 2475 1330 doctrina
2520 1266 2601 1331 ad
2649 1285 2764 1330 ex-

509 1389 900 1472 plicandum,
947 1408 1066 1454 nec
1110 1393 1289 1474 gravi
1340 1390 1693 1455 mutatione
1740 1390 1821 1455 ad
1862 1391 2073 1456 locum
2099 1391 2571 1457 emendandum
2597 1412 2762 1477 opus

509 1534 651 1580 esse
695 1515 906 1581 lucide
950 1517 1410 1582 demonstravit
1455 1519 1555 1580 vir
1599 1517 2016 1582 clarissimus.
2063 1517 2243 1583 Haec
2287 1521 2459 1602 enim
2500 1519 2756 1584 scribit:

603 1640 790 1724 „Duo
858 1647 1308 1727 proponuntur
1376 1645 1808 1708 continentiae
1875 1645 2160 1728 Augusti
2224 1634 2536 1730 exempla,
2584 1646 2758 1732 quod

507 1787 627 1833 nec
696 1769 1069 1834 cubiculum
1140 1789 1252 1854 pro
1323 1771 1477 1834 anni
1543 1775 1829 1854 tempore
1899 1772 2261 1853 mutaverit,
2333 1790 2449 1836 nec
2512 1772 2758 1857 urbem,

509 1897 808 1977 quamvis
884 1896 1094 1960 hieme
1161 1895 1283 1960 sibi
1351 1895 1703 1978 molestam,
1774 1896 1983 1960 hieme
2052 1896 2359 1981 effugerit.
2429 1897 2535 1962 Sic
2604 1917 2755 1983 ergo

508 2019 849 2104 legendum
918 2025 1046 2085 est:
1120 2019 1217 2084 Ae
1275 2041 1390 2100 per
1457 2040 1664 2086 annos
1728 2019 2003 2105 amplius
2062 2022 2495 2106 quadrayinta
2552 2024 2755 2088 eodem

507 2145 779 2211 cubiculo
837 2145 1032 2210 bieme
1077 2151 1138 2211 et
1181 2150 1413 2211 aestate
1453 2147 1688 2211 mansit
1732 2151 1790 2211 et
1836 2148 2123 2232 quamvis
2156 2168 2400 2232 parum
2445 2147 2755 2214 salubrem

505 2272 849 2338 valitudini
914 2293 1067 2338 suae
1131 2273 1345 2338 urbem
1411 2273 1606 2338 hieme
1673 2275 2081 2358 emperiretur,
2148 2274 2399 2340 assidue
2470 2276 2543 2339 in
2603 2275 2757 2341 urbe

503 2397 815 2464 hiemavit.
897 2399 1416 2484 Corruptelarum
1487 2403 1647 2466 ratio
1717 2402 1785 2464 iu
1857 2405 2157 2485 promptu
2229 2407 2341 2466 est.
2410 2401 2759 2468 Exciderat

503 2525 730 2609 copula
777 2530 923 2610 post
965 2527 1236 2608 mansit;
1285 2533 1360 2590 ut
1405 2527 1761 2608 asyndeton
1810 2528 2174 2610 evitaretur,
2220 2528 2387 2592 male
2432 2528 2750 2594 adiectum

501 2671 621 2734 que
686 2655 831 2735 post
895 2650 1164 2735 assidue,
1229 2657 1294 2716 et
1352 2689 1440 2700 —-
1501 2653 1624 2716 loci
1687 2654 2003 2718 sententia
2062 2653 2156 2716 sic
2210 2653 2407 2718 semel
2455 2673 2753 2738 perverse

501 2778 820 2844 intellecta
867 2817 949 2826 —
992 2780 1220 2844 ultima
1257 2780 1506 2861 syllaba
1531 2780 1704 2845 verbi
1735 2779 2031 2845 hiemavit
2052 2781 2248 2846 simul
2272 2786 2571 2866 corrupta
2596 2782 2753 2848 est.’'

591 2902 745 2968 Sine
814 2902 1010 2968 dubio
1082 2904 1406 2969 meliorem
1477 2906 1570 2969 sic
1631 2905 1890 2990 praebet
1953 2925 2215 2972 sensum
2270 2908 2451 2972 locus
2518 2914 2759 2992 noster,

503 3034 782 3094 attamen
845 3032 1036 3095 etiam
1086 3050 1260 3095 nunc
1308 3031 1553 3115 aliquid
1599 3036 1813 3115 restat,
1861 3034 2033 3116 quod
2081 3051 2182 3097 me
2230 3033 2523 3098 offendat.
2573 3033 2753 3110 Quae

503 3157 716 3220 statim
777 3160 1170 3240 sequuntur:
1239 3176 1425 3241 aeyer
1468 3162 1677 3221 autem
1723 3156 1789 3220 in
1833 3157 2009 3222 domo
2053 3156 2448 3222 Maecenatis
2490 3156 2753 3223 cubabat

502 3284 808 3368 coniungi
868 3302 996 3347 non
1057 3288 1330 3368 possunt
1389 3304 1534 3350 cum
1591 3304 1685 3368 ec,
1734 3285 1908 3369 quod
1955 3285 2141 3349 modo
2192 3287 2476 3349 narravit
2523 3285 2750 3350 Sueto-

497 3412 664 3475 niuS.
713 3409 932 3487 Quid?
977 3410 1076 3475 Ne
1119 3430 1308 3495 aeger
1353 3412 1610 3494 quidem
1659 3412 1884 3476 urbem
1932 3413 2295 3496 relinquere
2345 3412 2485 3476 vult
2522 3433 2743 3497 quam-

496 3538 594 3601 vis
649 3556 882 3617 parum
938 3537 1252 3602 salubrem
1293 3536 1634 3602 valitudini
1675 3558 1827 3602 suae
1870 3537 2067 3605 hieme
2110 3536 2501 3618 emper-iretur
2516 3537 2552 3602 ἓ
2600 3538 2761 3622 Cur,

501 3680 758 3745 quaese,
803 3663 1089 3745 domum,
1127 3661 1634 3746 cubiculumque
1672 3668 2011 3747 aegrotans
2051 3668 2343 3747 mutaret,
2368 3684 2514 3729 cum
2545 3665 2748 3729 morbi

500 3807 694 3853 causa
740 3793 910 3853 esset
957 3788 1112 3853 urbs
1158 3788 1417 3872 Romae,
1465 3808 1548 3854 ex
1596 3809 1725 3873 qua
1773 3790 1988 3875 egredi
2034 3809 2164 3854 non
2212 3790 2403 3855 vult?
2430 3790 2499 3855 Si
2525 3810 2747 3857 verum

499 3919 596 3978 est
642 3934 871 3999 parum
920 3914 1240 3980 salubrem
1289 3915 1634 3980 valitudini
1679 3918 1820 3980 eius
1867 3915 2075 3980 hieme
2119 3914 2321 3980 fuisse
2368 3915 2614 3998 urbem,
2654 3919 2755 3980 ni-

499 4041 752 4123 mirum,
821 4060 1008 4125 aeger
1075 4061 1221 4105 cum
1294 4046 1480 4125 esset,
1544 4062 1672 4106 non
1737 4043 1945 4107 solum
2002 4043 2261 4125 reliquit
2308 4042 2592 4125 domum,
2638 4043 2751 4108 sed

496 4167 688 4231 etiam
754 4167 996 4231 urbem.
1043 4166 1098 4229 E
1145 4167 1361 4233 verbis
1407 4169 1616 4232 citatis
1666 4167 1919 4232 efficere
1964 4187 2311 4253 possumus
2360 4188 2490 4233 non
2542 4169 2751 4234 urbem

501 4295 557 4358 ei
606 4294 1026 4377 perniciosam
1075 4313 1235 4376 esse,
1279 4296 1391 4360 sed
1439 4293 1811 4359 cubiculum
1861 4296 1930 4358 in
1979 4314 2109 4378 quo
2158 4294 2453 4359 cubabat.
2494 4294 2642 4371 Qua
2668 4297 2747 4360 de

494 4439 689 4485 causa
737 4420 948 4486 adhuc
1002 4419 1191 4484 credo
1239 4425 1490 4485 textum
1539 4420 1844 4485 traditum
1894 4424 2040 4505 post
2082 4418 2421 4484 Polakium
2470 4422 2538 4483 in
2587 4423 2750 4486 inte-

2519 4530 2553 4579 5
