3509 5509
1810 706 1887 768 10

725 918 902 999 tium,
942 921 1054 1002 qui
1094 939 1227 1002 cap.
1279 919 1353 980 17
1397 924 1950 998 commemoratur,
1991 917 2266 980 eundem
2312 935 2452 980 esse
2486 922 2677 998 atque
2702 935 2871 995 eum,
2898 915 2975 978 de

726 1064 854 1126 quo
901 1045 1192 1127 loquitur
1236 1050 1457 1107 auctor
1501 1045 1705 1126 capite
1747 1045 1848 1106 20.
1890 1042 2125 1106 Contra
2165 1041 2497 1118 Graevius,
2535 1039 2975 1120 CasaubonuS,

722 1151 1234 1253 Oudendorpius,
1272 1168 1720 1252 Ruhnkenius,
1749 1167 2020 1232 Wolfius
2052 1167 2463 1232 crediderunt
2486 1167 2775 1230 diversos
2800 1167 2971 1230 viros

721 1311 876 1356 esse.
926 1291 1104 1368 Quae
1149 1300 1361 1357 tamen
1411 1299 1623 1357 notata
1670 1294 2169 1376 praetermittere
2216 1310 2581 1375 possumne,
2621 1292 2774 1373 quia
2813 1291 2971 1354 nihil

721 1422 874 1483 satis
899 1425 1148 1483 constat
1171 1420 1249 1482 de
1278 1417 1500 1482 Vettiis
1522 1419 1669 1501 illis,
1695 1437 1905 1500 neque
1934 1437 2219 1501 unquam
2247 1418 2386 1480 sine
2410 1415 2737 1498 subsidiiS,
2763 1416 2971 1480 adhuc

719 1547 1062 1629 irrepertiS,
1101 1565 1252 1609 vera
1290 1544 1579 1609 Suetonii
1618 1543 1812 1608 vei-ba
1850 1542 1989 1608 loco
2016 1519 2349 1626 posteriori
2374 1543 2627 1606 restitui
2651 1548 2972 1625 poterunt.
3038 1571 3045 1576 ·

807 1671 1160 1735 Videamus
1245 1677 1458 1734 autem
1529 1671 1607 1734 de
1677 1671 1815 1732 loco
1887 1689 2019 1752 cap.
2102 1669 2197 1733 17.
2269 1667 2425 1731 Post
2493 1667 2967 1748 Burmannum‚

720 1797 1087 1861 Ernestium
1176 1797 1272 1878 al.,
1351 1794 1625 1860 Rothius
1709 1795 1921 1859 adhuc
1996 1795 2277 1858 servavit
2346 1798 2595 1857 textum
2668 1794 2967 1856 traditum

719 1920 942 2005 indice,
1005 1941 1152 1984 cum
1216 1921 1506 2004 plerique
1559 1920 1834 1984 editores
1882 1920 2098 2002 legant
2144 1918 2377 1982 Iudice.
2429 1917 2569 1981 Hoc
2616 1936 2985 2000 cognomen.

734 2045 931 2111 Vettio
993 2053 1410 2110 asseruerunt
1468 2064 1503 2109 e
1552 2045 1959 2126 membraniS,
2008 2045 2290 2107 nummis
2338 2053 2400 2107 et
2447 2042 2786 2126 lapidibus,
2836 2038 2969 2104 Vix

721 2173 890 2234 enim
961 2170 1263 2234 credibile
1325 2176 1420 2234 est
1495 2167 1765 2233 Vettium
1828 2175 2119 2232 nostrum
2186 2175 2437 2252 propter
2498 2169 2809 2232 indicium
2859 2187 2971 2251 per

720 2297 1176 2360 contumeliam
1237 2295 1520 2360 Iudicem
1586 2296 1973 2379 appellatum
2038 2314 2197 2376 esse,
2254 2314 2400 2357 cum
2463 2294 2661 2357 index
2710 2312 2968 2377 quoque

721 2428 890 2485 esset
938 2420 1007 2496 Q.
1058 2412 1310 2503 Curiu'S,
1355 2423 1461 2485 cui
1509 2429 1718 2485 tamen
1770 2441 2004 2485 nomen
2052 2422 2212 2484 illud
2263 2440 2393 2484 non
2436 2421 2655 2483 datum
2703 2428 2814 2483 est.
2841 2419 2965 2483 Sed

721 2549 910 2610 etiam
979 2549 1043 2609 in
1118 2547 1542 2632 sequentibus
1588 2547 1832 2630 aliquid
1880 2552 2095 2610 exstat
2141 2546 2415 2610 obscuri.
2468 2544 2698 2624 Quinto
2751 2541 2961 2626 aurio,

719 2672 885 2756 quod
923 2672 1180 2756 primus
1221 2671 1483 2735 consilia
1529 2673 2001 2735 coniuratorum
2054 2671 2390 2753 detexerat,
2436 2671 2776 2734 constituta
2823 2674 2973 2734 sunt

715 2799 958 2883 publice
1022 2800 1326 2879 praemia.
1376 2798 1525 2882 Cur,
1574 2818 1830 2883 quaeSO,
1873 2799 2025 2862 haec
2070 2800 2353 2881 praemia
2398 2797 2842 2861 tantummodo
2893 2796 2963 2873 Q.

722 2924 916 2988 Curio
979 2932 1040 2989 et
1103 2946 1228 2989 non
1278 2926 1345 2989 L.
1391 2926 1606 2990 Vettio
1653 2927 2003 2989 constituta
2050 2930 2222 3005 sunt,
2270 2943 2417 2986 cum
2468 2923 2663 2986 simul
2713 2921 2967 2986 Vettius

722 3050 1051 3115 Caesarem
1119 3054 1532 3132 accusaverit,
1578 3070 1849 3134 eamque
1897 3051 1977 3113 ob
2024 3069 2281 3113 causam
2334 3047 2403 3124 Q.
2448 3047 2681 3112 Curius
2717 3048 2969 3127 primus

722 3179 1038 3240 nominari
1103 3197 1229 3240 non
1291 3177 1540 3259 possit?
1607 3175 1946 3257 Quoniam,
2011 3177 2134 3238 nisi
2177 3176 2391 3238 omnia
2439 3192 2541 3237 me
2587 3173 2842 3254 fallunt,
2894 3171 2966 3248 Q.

721 3301 956 3366 Curius
1001 3302 1148 3385 plus
1191 3302 1341 3365 fecit
1387 3322 1580 3385 quam
1627 3300 1901 3365 Vettius.
1952 3300 2153 3363 Credo
2179 3319 2329 3383 ergo
2356 3300 2563 3363 solum
2594 3298 2667 3373 Q.
2697 3288 2962 3361 Curium

720 3435 1153 3492 accusatorem
1220 3427 1422 3491 fuisse
1493 3434 1554 3491 et
1622 3426 1791 3509 apud
1864 3432 2267 3509 quaestorem
2333 3426 2507 3488 etin
2558 3430 2805 3505 senatu,
2854 3424 2965 3488 sed
3048 3487 3091 3498 ,.

718 3554 792 3618 L.
862 3551 1062 3618 Vettio
1107 3552 1324 3635 indice,
1367 3555 1408 3617 i.
1459 3572 1543 3617 e.:
1597 3572 1759 3616 usus
1806 3558 1902 3616 est
1950 3551 2184 3615 Curius
2230 3552 2505 3628 indiciis,
2550 3552 2963 3615 testimoniis-

720 3699 864 3764 que,
927 3699 1092 3763 quae
1162 3681 1222 3765 ei
1291 3657 1587 3743 attulerat
1654 3677 1934 3743 Vettius.
2009 3677 2355 3759 Postquam
2420 3682 2635 3739 autem
2699 3676 2967 3740 delatori

718 3808 998 3890 praemia
1067 3808 1319 3871 decreta
1387 3811 1559 3887 sunt,
1619 3785 1876 3869 Vettius
1941 3823 2219 3887 quoque,
2267 3804 2450 3887 pretii
2498 3803 2792 3886 cupidus,
2841 3808 2965 3867 tes-

717 3936 987 3997 timonia
1035 3934 1360 4017 pollicitus
1409 3938 1505 3996 est
1550 3934 1619 3996 in
1668 3931 1908 4015 quibus
1956 3930 2242 3995 Caesaris
2291 3930 2645 4013 epistulam.

759 4110 766 4117 .
807 4059 1164 4125 Levissima
1209 4079 1361 4143 ergo
1412 4062 1784 4140 mutatione,
1831 4057 2083 4122 sublata
2130 4058 2599 4141 praepositione
2643 4076 2703 4136 a,
2751 4056 2962 4139 legen-

722 4188 875 4250 dum
925 4192 1238 4269 putet...
1285 4185 1452 4249 inter
1498 4186 1687 4249 socios
1740 4182 2053 4249 Catilinae
2097 4183 2470 4265 nominatae,
2512 4188 2569 4245 et
2616 4182 2793 4265 apud
2836 4181 2966 4245 No-

722 4313 887 4375 vium
954 4312 1226 4394 Niyrum
1293 4318 1698 4395 quaestorem,
1762 4311 1835 4373 L.
1913 4308 2111 4375 Vettio
2156 4310 2379 4395 indice,
2428 4314 2486 4373 et
2532 4309 2601 4373 in
2646 4314 2875 4373 senatu
2922 4330 2963 4371 a

726 4439 795 4519 Q.
866 4436 1071 4503 Curio.
1144 4438 1338 4501 Varia
1407 4439 1560 4502 haec
1620 4438 1927 4520 loquendi
1974 4438 2135 4500 ratio
2184 4455 2371 4520 saepe
2417 4436 2746 4500 invenitur
2792 4434 2961 4518 apud
