3509 5509
1828 662 1907 724 16

738 881 964 939 auctor
1029 876 1413 939 mentionem
1486 874 1636 940 fecit
1704 874 1899 940 Marci
1966 874 2213 940 Claudii
2274 875 2577 959 Marcelli,
2638 897 2712 942 eo
2774 878 2981 963 modo,

739 1008 810 1068 ut
871 1003 1314 1067 tantummodo
1359 1005 1569 1086 priore
1615 1004 1757 1066 loco
1806 1008 2010 1067 totum
2054 1003 2351 1067 exhibeat
2397 1005 2681 1069 consulis
2731 1024 2984 1084 nomen,

735 1130 931 1192 altero
1006 1148 1155 1193 vero
1227 1128 1503 1193 breviter
1570 1148 1718 1193 eum
1784 1130 2059 1212 appellet
2106 1128 2497 1193 Marcellum.
2547 1128 2770 1195 Statim
2819 1136 2983 1215 post,

736 1255 804 1317 in
889 1256 1218 1339 sequentis
1289 1256 1515 1339 capitis
1585 1256 1787 1334 initio,
1857 1255 2085 1338 repetit
2156 1273 2386 1319 nomen
2463 1254 2765 1337 Marcelli,
2835 1275 2982 1319 cum

737 1381 1150 1464 praenomine
1191 1378 1422 1461 Gaia-3,
1469 1382 1582 1464 qui
1630 1381 1808 1444 fratri
1854 1381 2130 1464 patrueli
2178 1399 2298 1444 suo
2341 1383 2408 1444 in
2452 1381 2790 1445 consulatu
2842 1402 2985 1446 suc-

740 1511 1032 1570 cesserat.
1092 1504 1153 1569 N
1156 1524 1298 1570 emo
1361 1524 1510 1587 ergo
1575 1525 1702 1569 non
1768 1506 2083 1588 intelliget
2127 1505 2386 1570 fratrem
2430 1507 2780 1590 patruelem
2828 1526 2986 1572 eun-

740 1634 882 1697 dem
946 1651 1086 1702 esse
1148 1652 1221 1697 ac
1286 1632 1600 1714 Marcum,
1663 1634 1775 1714 qui
1837 1632 2169 1696 nonnullis
2228 1631 2523 1696 versibus
2584 1637 2731 1696 ante
2787 1635 2989 1696 nomi-

740 1764 932 1822 natus
979 1764 1093 1823 est.

829 1883 1026 1947 Nullo
1075 1885 1276 1968 igitur
1324 1905 1447 1949 usu
1497 1890 1594 1948 est
1642 1885 1797 1948 haec
1842 1885 2275 1968 praenominis
2322 1885 2632 1968 repetitio,
2657 1903 2822 1968 quae
2848 1904 2984 1948 eam

742 2009 822 2074 ob
891 2030 1150 2074 causam
1226 2011 1412 2075 valde
1473 2018 1771 2094 suspecta
1834 2012 1987 2074 midi
2037 2012 2306 2075 videtur.
2359 2011 2690 2075 Glossema
2738 2011 2801 2073 id
2851 2030 2991 2076 esse

742 2154 1124 2219 persuasum
1170 2136 1392 2217 habeo,
1439 2137 1611 2220 quod
1661 2155 1696 2201 e
1743 2138 2032 2221 margine
2075 2138 2145 2200 in
2193 2141 2442 2202 textum
2495 2137 2805 2221 migravit.

1123 2394 1274 2476 Gap.
1347 2398 1448 2460 30.
1515 2397 1607 2462 Et
1667 2402 2060 2477 praetectum
2128 2396 2373 2481 quidem
2420 2395 2519 2459 illi
2564 2394 2835 2459 civilium
2880 2415 2989 2458 ar-

1191 2541 1436 2585 morum
1497 2521 1609 2585 hoc
1667 2521 1818 2607 fuit,
1881 2542 2106 2586 causas
2150 2527 2361 2585 autem
2405 2521 2572 2585 alias
2616 2520 2815 2604 fuisse
2860 2521 2989 2599 opi-

1186 2653 1449 2711 namur.

835 2882 991 2947 Post
1051 2883 1496 2947 Burmannum
1556 2883 1830 2947 multum
1881 2884 1959 2947 de
2005 2884 2123 2947 hoc
2169 2883 2306 2945 loco
2355 2882 2846 2966 disputaverunt
2891 2885 2990 2945 in-

744 3012 1065 3091 terpretes.
1115 3009 1533 3073 Burmannus
1580 3010 1751 3073 enim
1801 3010 2073 3072 coniecit
2120 3013 2268 3072 ante
2309 3006 2476 3071 alias
2508 3008 2825 3073 excidisse
2863 3008 2993 3071 alii.

748 3131 955 3208 Quam
1022 3136 1531 3200 emendationem
1603 3154 1732 3199 non
1803 3136 2225 3201 necessariam
2300 3139 2694 3219 putaverunt
2759 3132 2993 3199 Ernes-

746 3260 895 3340 tiuS,
973 3258 1484 3344 Oudendorpius,
1562 3260 1851 3343 CrusiuS,
1914 3260 2203 3325 Wolfius.
2276 3262 2561 3324 Annotat
2622 3258 2994 3323 Oudendor—

749 3385 932 3468 pius:
1010 3386 1457 3467 „Accederem,
1529 3388 1585 3451 si
1655 3386 2006 3451 Suetonius
2068 3388 2427 3469 scripsisset
2487 3405 2743 3449 causam
2788 3382 2993 3447 aliam.

749 3508 872 3573 Sed
936 3529 1080 3572 cum
1131 3512 1197 3572 in
1248 3510 1480 3593 plurali
1527 3510 1692 3575 alias
1738 3512 1995 3593 dixerit,
2042 3530 2169 3575 non
2219 3511 2408 3574 modo
2457 3529 2588 3573 non
2636 3510 2997 3572 necessaria

750 3640 848 3698 est
911 3654 1041 3698 vox
1102 3634 1231 3717 alii,
1293 3640 1364 3698 ut
1424 3642 1640 3701 censet
1685 3636 2045 3718 ErnestiuS,
2090 3643 2155 3699 at
2202 3641 2372 3720 patet
2420 3640 2741 3699 auctorem
2790 3633 2997 3697 brevi-

748 3766 846 3824 ter
890 3762 1182 3826 innuisse
1227 3764 1516 3845 opinatos
1564 3781 1704 3827 esse
1752 3763 2059 3840 homines,
2104 3761 2307 3826 fuisse
2353 3761 2604 3825 Caesari
2652 3760 2808 3822 alias
2848 3776 2996 3822 cau-

752 3906 855 3949 sas
910 3885 1072 3952 etc.”
1120 3886 1332 3968 Recte,
1379 3888 1488 3951 sed
1538 3892 1746 3951 exstat
1794 3888 1936 3969 alia,
1981 3889 2367 3970 graviorque
2414 3905 2624 3965 causa,
2672 3903 2787 3946 cur
2832 3882 2997 3947 Bur-

755 4010 971 4072 manni
1018 4012 1445 4075 coniecturam
1495 4012 1780 4095 accipere
1826 4030 1951 4075 non
2001 4012 2357 4095 possimus3
2406 4029 2541 4074 eam
2597 4009 2773 4072 volo:
2824 4009 2996 4092 quod

750 4136 860 4198 illa
922 4138 1190 4199 mutatio
1251 4155 1512 4201 sensum
1577 4137 1881 4228 depravat
1942 4143 2005 4201 et
2060 4137 2376 4201 obscurat.
2425 4134 2593 4211 Quid
2640 4135 2807 4198 enim
2860 4134 2999 4196 vult

751 4262 1022 4323 auctor?
1070 4260 1247 4324 Inter
1293 4281 1362 4326 se
1407 4263 1669 4346 opponit
1704 4266 2110 4346 praetexebam
2156 4269 2219 4326 et
2264 4280 2507 4343 causae,
2547 4263 2589 4326 i.
2616 4279 2703 4323 e.:
2746 4278 2999 4322 causam

748 4386 962 4465 fictam
1023 4393 1241 4451 contra
1303 4407 1512 4451 veram
1565 4408 1837 4451 causam.
1888 4387 1985 4449 Ex
2035 4388 2258 4450 ordine
2310 4384 2756 4449 vocabulorum
2808 4403 2997 4467 appa-
