3509 5509
1907 673 1989 742 22

816 881 1131 942 sermonis
1174 881 1418 943 vitium.
1469 878 1656 954 Quod
1705 882 1987 963 primum
2037 886 2254 945 nostra
2300 881 2556 944 demum
2589 887 2794 944 aetate
2822 883 3073 945 monuit

819 1003 1201 1086 Madvigius,
1248 1005 1378 1086 qui,
1424 1005 1636 1068 locum
1685 1011 1979 1068 nostrum
2021 1011 2302 1069 tractans
2342 1007 2435 1068 sic
2472 1011 2738 1069 annotat
2774 1005 3075 1088 (AdverS.

820 1128 968 1192 Orit.
1015 1128 1096 1192 H.
1146 1149 1202 1212 p.
1253 1131 1380 1192 573
1429 1134 1614 1210 not.):
1671 1149 1923 1213 „neque
1969 1130 2137 1194 enim
2187 1130 2265 1194 de
2312 1132 2403 1194 rei
2446 1129 2648 1195 factae
2694 1131 3070 1195 condicione

795 1262 969 1319 ante
1014 1256 1274 1339 impleta
1321 1258 1578 1321 rectius·
1605 1255 1830 1320 Latine
1878 1257 2111 1320 dicitur
2155 1274 2285 1320 non
2330 1254 2477 1338 fecit
2521 1257 2651 1319 nisi
2692 1263 2836 1320 ante
2870 1255 3070 1336 explo-

819 1385 1022 1444 rasset
1056 1385 1190 1464 (pro
1231 1400 1306 1444 eo
1333 1383 1504 1464 quod
1529 1388 1660 1446 est:
1687 1401 1815 1446 non
1844 1419 1921 1428 -—
1949 1386 2307 1466 antequam,
2334 1388 2445 1446 aut
2466 1401 2813 1466 numquam
2842 1420 2915 1428 —-
2950 1383 3075 1445 nisi

821 1505 1140 1589 explorato
1211 1507 1311 1571 vel
1379 1492 1508 1571 nisi
1560 1512 2035 1588 perscrutatus),
2089 1527 2281 1590 quam
2334 1509 2397 1571 si·
2437 1507 2815 1572 Germanice
2862 1508 3068 1571 dicas:

823 1629 926 1693 Er
985 1629 1119 1695 that
1163 1652 1228 1695 es
1273 1630 1444 1696 nieht
1490 1633 1592 1711 (de
1637 1652 1708 1696 re
1760 1652 1888 1696 una
1934 1633 2122 1714 facta)
2171 1652 2351 1696 wenn
2396 1653 2464 1695 er
2507 1631 2680 1696 nicht
2726 1652 2809 1680 ‘—
2858 1639 3073 1697 unter-

819 1756 996 1820 suehl
1040 1756 1224 1821 hatte.
1273 1757 1399 1822 Sed
1447 1761 1754 1841 quoniam
1808 1758 2109 1822 mendum
2151 1764 2247 1822 est
2288 1761 2479 1822 etiam
2518 1759 2587 1820 in
2624 1777 2739 1836 per
2777 1778 2859 1840 se,
2900 1759 3073 1841 quod

822 1890 883 1947 et
954 1884 1220 1946 historia
1280 1884 1606 1947 convincit
1652 1890 1713 1947 et
1760 1883 2067 1965 loquendi
2116 1902 2277 1946 usus
2326 1883 2499 1962 (nam
2526 1882 2677 1962 ,ipse
2724 1883 3071 1947 dicendum

825 2012 1001 2092 erat),
1071 2027 1283 2092 neque
1351 2009 1656 2072 correctio
1726 2006 2073 2091 probabilis
2141 2010 2438 2091 suppetit,
2510 2008 2724 2070 locum
2786 2014 3074 2071 notatum

825 2133 1466 2218 praetermittamus?
1512 2132 1708 2198 Recte
1753 2152 1904 2216 ergo
1947 2152 2065 2196 nos
2106 2133 2325 2196 docuit
2361 2135 2656 2216 princeps
2695 2134 2803 2196 ille
2828 2135 3075 2197 critico-

825 2275 972 2320 rum
1060 2277 1188 2321 non
1269 2259 1476 2322 solum
1512 2272 1519 2279 “
1555 2258 1868 2322 vocabula
1923 2279 2046 2342 per
2112 2278 2177 2322 se
2244 2259 2357 2322 sed
2427 2265 2621 2321 totam
2694 2261 3078 2322 sententiam

824 2403 1017 2467 prave
1086 2385 1380 2448 traditam
1451 2404 1606 2450 esse.
1671 2384 1829 2448 Post
1887 2392 2101 2454 autem
2152 2383 2548 2467 Madvigium
2598 2385 2765 2448 alius
2813 2403 3077 2467 quoque

825 2511 1207 2594 philologus,
1276 2514 1510 2576 summi
1581 2513 1844 2594 ingenii,
1913 2510 2219 2574 Polakius
2292 2511 2369 2574 de
2437 2511 2576 2573 loco
2648 2516 2867 2573 nostro
2936 2511 3079 2573 fuse

827 2635 1130 2718 disseruit
1195 2639 1262 2700 in
1333 2637 1565 2720 libello,
1628 2656 1821 2720 quem
1882 2639 2009 2701 iam
2072 2656 2267 2719 supra
2328 2638 2536 2700 citavi.
2598 2635 2863 2700 Summo
2928 2655 3078 2700 acu-

831 2764 1004 2827 mine
1049 2764 1262 2828 locum
1310 2766 1379 2827 in
1426 2766 1747 2848 integrum
1797 2766 2133 2828 restituere
2169 2765 2455 2828 tentavit.
2502 2762 2881 2827 Suetonium
2908 2764 3076 2826 enim

832 2892 1166 2973 scripsisse
1220 2892 1521 2955 coniecit:
1571 2910 1769 2974 neque
1816 2890 1883 2953 in
1930 2890 2342 2963 Britanniam
2388 2890 2733 2954 transveoeil
2768 2889 2898 2953 nisi
2940 2896 3082 2953 ante

827 3036 944 3101 per
1002 3016 1374 3081 Volusenum
1414 3016 1722 3100 portubus
1768 3023 1823 3081 et
1867 3018 2269 3100 naviyalione
2310 3023 2369 3081 et
2413 3036 2659 3081 accessu
2698 3016 2786 3080 ad
2804 3016 3080 3081 insulam

832 3142 1233 3227 exploratis?

918 3268 1169 3333 Nomen
1218 3271 1548 3353 proprium
1599 3268 1670 3333 G.
1719 3269 2035 3334 Voluseni
2081 3272 2405 3335 revocavit
2451 3290 2533 3335 ex
2578 3269 3077 3335 CaesarisOom-

836 3399 1164 3462 mentariis
1232 3396 1390 3479 (Lib.
1461 3396 1574 3479 IV,
1643 3416 1692 3459 c.
1760 3399 1897 3479 21),
1939 3397 2048 3461 ubi
2094 3399 2173 3462 de
2214 3399 2339 3469 ,hac
2384 3417 2453 3462 re
2499 3400 2589 3461 ita
2636 3398 2943 3482 legimus:
2992 3396 3081 3462 acl

831 3526 981 3591 haee
1025 3524 1461 3609 coynoscencla,
1494 3524 1686 3607 prius
1731 3544 1921 3609 quam
1964 3510 2317 3608 perieulum
2358 3523 2610 3609 faceret,
2633 3524 2925 3589 idoneum
2950 3545 3079 3588 esse

833 3653 1186 3719 arbitratus
1257 3652 1332 3717 G.
1417 3650 1795 3716 Volusenum
1842 3670 1977 3714 cum
2022 3651 2175 3714 navi
2211 3651 2398 3733 lonya
2441 3650 2805 3735 praemittit.
2846 3651 3082 3715 Portus

833 3782 1000 3845 tradi
1067 3782 1354 3865 potuisse
1424 3798 1539 3862 pro
1597 3776 1902 3861 portubus
1963 3784 2026 3842 et
2072 3779 2471 3842 accusativos
2518 3778 2979 3861 naviqalionem
3024 3785 3079 3843 et

833 3927 1146 3973 aceessum
1213 3926 1324 3990 pro
1385 3905 1682 3989 ablativo,
1745 3908 1958 3989 quivis
2020 3905 2316 3970 lubenter
2361 3904 2517 3968 Viro
2564 3906 2711 3969 clar.
2758 3906 3077 3970 concedet.

831 4035 1126 4099 Formam
1203 4033 1581 4116 explorasset
1647 4034 1740 4096 sic
1806 4032 2117 4115 explicat:
2188 4031 2580 4113 „Exaratum
2653 4036 2789 4095 erat
2852 4031 3079 4097 calami

830 4161 1016 4245 lapsu
1074 4158 1414 4244 explorasit
1473 4179 1587 4244 pro
1649 4158 2005 4243 exploratis,
2068 4164 2425 4223 correctum
2488 4163 2585 4222 est
2638 4158 2717 4221 de
2763 4177 2957 4241 more,
3007 4161 3079 4221 ut

831 4287 1072 4351 vulnus
1132 4286 1312 4351 fieret
1371 4284 1859 4350 insanabilius.”
1926 4284 2077 4349 Sine
2139 4285 2334 4349 dubio
2399 4286 2766 4349 coniectura
2827 4283 3081 4348 Polakii

837 4433 1088 4477 summa
1155 4412 1573 4477 admiratione
1641 4413 1837 4497 digna
1906 4417 2018 4494 est,
2088 4431 2236 4475 nam
2297 4413 2537 4477 bonum
2595 4431 2856 4477 sensum
2905 4430 3080 4474 nunc
