3509 5509
1589 689 1676 751 43

519 919 759 963 novum
809 900 908 980 sit,
955 919 1035 962 an
1085 917 1249 978 non;
1294 917 1459 981 quae
1498 903 1710 962 tamen
1756 898 2009 962 silentio
2035 899 2377 981 praeterire
2400 917 2765 980 possumus

511 1023 864 1086 Videamus
913 1031 1127 1087 autem
1179 1024 1257 1087 de
1303 1023 1547 1087 ultimis
1594 1025 1948 1090 sententiae
1986 1022 2218 1106 verbiS,
2258 1042 2423 1106 quae
2464 1028 2762 1106 corrupta

512 1149 670 1212 mihi
718 1149 1038 1212 videntur.

599 1273 666 1338 Si
713 1294 870 1338 sana
914 1280 1010 1339 est
1056 1274 1278 1338 lectio:
1329 1273 1688 1355 recipiendi,
1735 1275 2009 1356 recipere
2054 1275 2223 1338 idem
2250 1274 2438 1338 ’valet
2486 1293 2560 1336 ac
2602 1293 2768 1337 recu·

501 1420 755 1495 perure,
807 1401 976 1463 sicut
1023 1401 1279 1483 saepius
1327 1400 1498 1483 apud
1547 1399 1952 1481 Suetonium,
1998 1419 2049 1464 e.
2074 1420 2167 1482 g.:
2220 1401 2387 1484 Aug.
2430 1419 2479 1463 c.
2509 1402 2585 1463 8:
2614 1399 2768 1464 Post

509 1498 784 1610 receptas
850 1523 1248 1609 Hispania33
1318 1525 1450 1589 Tib.
1524 1545 1574 1588 c.
1651 1526 1722 1589 9:
1786 1525 2041 1609 Recepit
2098 1531 2153 1588 et
2212 1526 2411 1608 sigma,
2458 1545 2618 1609 quae
2663 1525 2765 1591 M.

519 1653 741 1716 Crasso
808 1652 1172 1716 ademerant
1237 1649 1486 1716 Parthi.
1554 1648 1722 1725 Quid
1772 1656 1986 1714 autem
2037 1651 2354 1733 significat
2398 1669 2772 1734 recuperare

510 1777 792 1841 obsides?
851 1776 1046 1841 Haud
1093 1776 1292 1840 dubie
1345 1795 1473 1839 non
1523 1781 1655 1840 est:
1704 1775 1974 1858 recipere
2016 1775 2357 1840 nonnullos
2400 1779 2471 1838 ui
2514 1777 2774 1839 mittant

513 1903 687 1986 alios,
744 1923 876 1968 non
925 1909 1024 1967 est
1066 1906 1336 1984 mutare,
1382 1921 1546 1972 nam,
1595 1903 1651 1964 si
1696 1901 1762 1965 id
1812 1901 2124 1966 voluisset
2170 1907 2411 1983 auctor,
2458 1902 2764 1965 nimirum

514 2029 766 2092 disertis
814 2027 1026 2092 verbis
1070 2029 1450 2111 scripsisset,
1496 2047 1658 2092 usus
1703 2032 1873 2091 esset
1920 2032 2032 2091 aut
2082 2027 2275 2092 verbo
2321 2026 2631 2110 mutandi,
2656 2033 2768 2092 aut

500 2153 929 2238 permutandi.
1002 2152 1212 2237 Igitur
1258 2152 1418 2215 nihil
1463 2153 1640 2217 aliud
1689 2151 2050 2236 significare
2099 2156 2326 2236 potest,
2374 2172 2567 2235 quam
2617 2151 2770 2216 reci·

412 2313 417 2318 -
502 2299 656 2363 pere
717 2279 790 2342 in
841 2283 1227 2362 perpetuum,
1275 2278 1344 2342 in
1389 2297 1565 2342 omne
1614 2282 1870 2362 tempuS,
1916 2280 1958 2341 i.
1987 2297 2072 2342 e.:
2123 2277 2396 2342 foederis
2445 2277 2549 2341 vel
2597 2278 2771 2360 pacis

514 2403 930 2469 fundamenta
990 2410 1053 2470 et
1098 2405 1414 2488 praesidia
1459 2404 1712 2484 tollere;
1765 2404 1831 2467 id
1878 2405 2091 2488 ipsum
2135 2403 2362 2487 facere,
2412 2403 2586 2487 quod
2635 2423 2771 2466 om-

516 2530 710 2594 nibus
757 2531 966 2595 modis
999 2531 1252 2594 *evitare
1298 2530 1438 2594 vult
1481 2531 1843 2613 Augustus.

605 2655 691 2720 Ut
757 2675 997 2740 pacem,
1065 2676 1318 2721 summo
1387 2633 1624 2738 labore,
1686 2675 2046 2740 magnaque
2101 2675 2291 2740 opera
2337 2675 2527 2741 saepe
2571 2658 2771 2742 impe-

517 2788 762 2866 tratam,
829 2784 1218 2849 firmissimis
1279 2784 1658 2868 pignoribus
1711 2786 2007 2867 sanciret,
2054 2802 2193 2847 eam
2244 2783 2325 2847 ob
2374 2804 2635 2849 causam
2686 2784 2773 2849 fe·

516 2911 725 2975 minas
775 2912 996 2994 exigit,
1041 2930 1172 2975 non
1214 2912 1404 2994 viroS,
1446 2911 1619 2994 quod
1645 2915 1859 2994 sperat
1882 2909 2184 2975 barbaros
2207 2930 2337 2974 non
2364 2912 2770 2995 neglecturos

517 3054 658 3100 esse
721 3036 1012 3119 feminaS,
1079 3037 1248 3101 sicut
1316 3038 1656 3121 negligunt
1724 3038 1931 3118 viros3
2005 3038 2285 3102 simulne
2352 3039 2432 3102 iis
2503 3038 2771 3103 daturus

515 3166 685 3225 esset
742 3161 1107 3256 facultatem
1166 3162 1588 3245 recuperandi
1634 3162 1789 3225 haec
1834 3163 2103 3245 pignora
2149 3167 2223 3226 ut
2268 3164 2482 3227 statim
2529 3162 2765 3229 bellum

518 3307 823 3353 renovare
885 3288 1194 3372 possent?
1260 3287 1440 3364 Quae
1487 3288 1721 3369 credat,
1772 3290 1886 3373 qui
1931 3288 2187 3353 credere
2233 3289 2389 3353 vult.
2438 3287 2535 3353 De
2582 3308 2655 3354 ea
2700 3309 2770 3355 re

517 3434 599 3479 ne
643 3417 946 3499 cogitavit
994 3415 1255 3499 quidem
1303 3417 1661 3499 Augustus.
1711 3414 1837 3479 Sed
1887 3418 1953 3479 in
2004 3414 2199 3479 verbo
2237 3416 2578 3501 recipiendi
2609 3410 2767 3481 'latet

517 3542 767 3624 vitium,
812 3542 1069 3625 levique
1118 3542 1471 3605 mutatione
1515 3542 1915 3606 restituenda
1954 3547 2049 3607 est
2087 3542 2295 3625 lectio,
2331 3563 2525 3626 quam
2551 3563 2768 3608 veram

518 3673 691 3751 puto.
759 3666 1152 3732 Facultatem
1218 3686 1349 3732 non
1410 3667 1564 3732 facit
1606 3668 1965 3752 reeipiendi,
2012 3669 2123 3734 sed
2170 3669 2488 3733 revisendi
2532 3669 2768 3734 obsides

517 3793 752 3875 quoties
811 3792 1048 3857 vellent.
1093 3792 1392 3859 Feminas
1442 3814 1573 3858 non
1621 3795 1947 3879 negligent
1993 3797 2223 3879 mariti,
2269 3803 2582 3879 parentes,
2628 3815 2775 3881 cog-

520 3921 670 4003 nati,
721 3925 794 3984 ut
839 3925 1068 4003 sperat,
1115 3920 1314 4004 idque
1359 3940 1433 3985 eo
1476 3922 1713 4005 minuS,
1738 3922 1794 3986 si
1818 3940 1931 4005 per
1953 3923 2390 4005 intervallum,
2416 3925 2472 3988 si
2497 3922 2771 3988 subinde

519 4046 782 4110 revisere
848 4066 956 4111 eas
1025 4052 1347 4131 poterunt,
1414 4067 1497 4112 ne
1564 4048 1855 4133 longiore
1920 4050 2224 4133 temporis
2294 4052 2497 4133 spatio
2545 4069 2765 4115 earum

522 4192 782 4257 quoque
827 4172 1306 4239 obliviscantur.

607 4299 812 4365 Testis
860 4306 956 4366 est
999 4302 1273 4397 TacituS,
1320 4304 1434 4386 qui
1478 4308 1696 4367 narrat
1740 4305 1910 4369 inter
1953 4304 2209 4369 obsides
2254 4304 2455 4371 fuisse
2484 4306 2768 4390 „puellas

526 4424 834 4510 nobiles'',
896 4427 1069 4492 unde
1129 4433 1389 4511 apparet
1433 4428 1807 4513 Augustum
1857 4449 1986 4494 non
2035 4432 2329 4514 exegisse
2376 4431 2625 4496 vetulas
2675 4432 2777 4496 vel
