3509 5509
1615 689 1698 752 6⁷

529 898 744 965 dicum
804 917 1094 982 numero,
1153 886 1374 963 'veram
1435 902 1716 964 servavit
1778 902 2131 967 lectionem.
2194 901 2418 984 Reyios
2466 903 2780 969 emblema

525 1023 655 1087 olet
700 1028 763 1089 et
809 1026 950 1089 sine
1002 1025 1196 1090 dubio
1244 1025 1583 1090 delendum
1629 1031 1744 1092 est.

614 1149 836 1232 Reyios
881 1151 1048 1215 enim
1099 1152 1416 1236 appellare
1461 1152 1752 1217 solebant
1796 1152 2072 1218 Romani
2111 1172 2336 1218 omnes
2362 1157 2774 1219 remotiorum

526 1281 886 1362 temporum
940 1297 1258 1360 nummos,
1305 1281 1441 1343 sive
1487 1278 1709 1343 Servio
1754 1278 1986 1362 Tullio,
2031 1278 2460 1364 Tarquiniove
2505 1299 2776 1364 regnan-

525 1404 702 1468 tibus
761 1406 1063 1489 signatoS‚
1124 1406 1261 1469 sive
1322 1405 1443 1470 sub
1492 1405 1873 1470 consulibus
1919 1405 2134 1470 factos
2185 1404 2372 1482 Quod
2422 1425 2552 1470 non
2598 1408 2779 1490 igno-

525 1535 666 1594 tum
732 1529 858 1594 fuit
914 1530 1254 1614 glossatori
1301 1530 1577 1614 cuidam,
1629 1533 1741 1614 qui
1790 1532 2027 1595 idcirco
2075 1531 2507 1596 definitionem
2557 1551 2779 1617 super-

526 1675 795 1720 vacuam
862 1655 1174 1720 vocabulo
1230 1660 1462 1721 veteres
1521 1658 1993 1741 suprascripsit.
2055 1655 2199 1720 Hoc
2246 1676 2506 1741 quoque
2550 1677 2777 1742 rogare

527 1781 752 1846 velim:
824 1781 1016 1846 Unde
1083 1782 1445 1866 AugustuS,
1512 1783 1767 1865 quoties
1833 1759 2100 1847 munera
2160 1782 2445 1847 dividere
2508 1782 2779 1866 volebat,

526 1912 655 1971 tam
721 1907 958 1972 multos
1019 1908 1504 1990 antiquissimos
1557 1912 1622 1972 et
1667 1907 1893 1992 procul
1943 1907 2135 1972 dubio
2181 1909 2545 1972 rarissimos
2594 1928 2780 1973 num-

429 2005 434 2010 *
528 2052 666 2099 mos
733 2053 957 2118 capere
1025 2035 1318 2119 poterat?
1387 2033 1520 2096 Vix
1589 2033 1763 2098 credi
1830 2040 2038 2118 potest
2106 2038 2309 2114 aetate
2372 2035 2779 2119 imperatoria

527 2153 738 2225 adhuc
803 2162 1129 2226 exstitisse
1199 2165 1328 2225 tam
1388 2162 1714 2244 ingentem
1779 2179 1928 2251 vere
1989 2162 2310 2245 regiorum
2360 2181 2773 2226 nummorum

527 2287 1024 2353 multitudinem.
1095 2286 1340 2363 Quodsi
1408 2288 1708 2352 nonnulli
1778 2289 2138 2373 conservati
2200 2293 2434 2370 essent,
2496 2271 2811 2352 tantum·'

525 2414 714 2478 modo
775 2418 1094 2479 vetustate
1150 2415 1221 2498 ii,
1271 2432 1402 2477 non
1448 2415 1650 2498 pretio
1697 2413 2078 2479 aestimandi
2124 2418 2322 2487 erant,
2369 2419 2562 2498 atque
2608 2415 2777 2480 eius-

525 2541 698 2604 modi
778 2542 1030 2605 nummi
1113 2540 1252 2604 loco
1322 2541 1550 2604 mercis
1619 2540 1944 2605 interdum
2020 2540 2343 2622 venibant,
2413 2544 2487 2604 ut
2558 2545 2777 2605 nostra

527 2685 788 2750 quoque
857 2671 1062 2732 aetate
1128 2668 1521 2731 numismata
1591 2671 1861 2731 vetusta.
1930 2665 2095 2745 (Qua
2154 2667 2233 2731 de
2294 2685 2363 2731 re
2409 2667 2776 2731 conferatur

527 2793 866 2878 Ulpianus,
911 2793 1047 2857 Lib.
1093 2793 1212 2857 IX.
1258 2795 1362 2857 Ad
1408 2795 1613 2878 legem
1662 2792 2021 2859 Corneliam
2071 2795 2150 2859 de
2196 2793 2392 2877 falsis,
2439 2799 2503 2858 et
2538 2794 2769 2859 titulus

526 2917 623 2985 De
669 2921 902 2984 veteris
949 2920 1355 2984 numismatis
1402 2924 1728 3005 potestate.
1779 2918 1928 2984 Cod.
1973 2920 2017 2985 J
2024 2892 2214 2984 ustin.
2265 2920 2399 2984 Lib.
2449 2920 2555 3001 II.)

615 3044 712 3110 De
758 3046 1214 3110 vetustissimis
1260 3046 1543 3109 nummis
1588 3047 1942 3111 rectissime
1989 3050 2205 3110 monet
2249 3048 2314 3110 in
2364 3048 2775 3112 annotatione

527 3191 646 3236 sua
692 3172 773 3235 ad
819 3172 1033 3235 locum
1077 3176 1367 3236 nostrum
1421 3171 1498 3235 V.
1546 3170 1656 3236 Ds.
1698 3170 2265 3256 Shuckburghius:
2313 3171 2417 3253 „If
2447 3191 2575 3253 any
2618 3173 2777 3236 such

527 3299 774 3365 existed
842 3300 911 3364 in
981 3300 1089 3364 the
1148 3301 1303 3364 time
1365 3299 1437 3363 of
1475 3300 1835 3383 Augustus,
1879 3299 2032 3380 they
2070 3276 2292 3362 ’would
2339 3297 2418 3363 be
2461 3298 2778 3364 reckoned

529 3445 599 3489 as
667 3426 1016 3511 belonging
1077 3432 1141 3491 to
1190 3427 1296 3490 the
1341 3426 1522 3507 royal
1568 3424 1864 3510 period’';
1920 3425 2093 3490 unde
2140 3430 2401 3509 apparet
2448 3444 2549 3490 me
2592 3425 2777 3489 illum

529 3571 791 3637 quoque
857 3553 1265 3636 interpretem
1334 3553 1404 3614 in
1475 3552 1852 3634 quaestione
1928 3550 2008 3615 de
2053 3550 2349 3615 vocabuli
2394 3551 2605 3633 reyius
2658 3572 2780 3616 usu

529 3680 904 3762 quotidiano
970 3678 1430 3743 adsentientem
1494 3677 1744 3742 habere.
1796 3675 1893 3741 Ob
1940 3677 2101 3741 duas
2148 3696 2297 3761 ergo
2343 3677 2489 3741 illas
2535 3697 2787 3759 causaS,

528 3803 708 3870 verbi
773 3805 916 3870 dico
978 3824 1171 3869 usum
1235 3809 1299 3869 et
1342 3823 1761 3868 nummorum
1808 3776 2150 3886 raritatem,
2197 3823 2313 3888 pro
2360 3809 2531 3869 certo
2580 3804 2781 3869 habeo

535 3930 919 3996 vocabulum
965 3930 1167 4015 reqios
1211 3928 1526 3996 emblema
1571 3948 1728 3995 esse.
1775 3928 2083 3994 Deleatur
2126 3948 2295 4014 erg0.

889 4164 1039 4253 Gap.
1115 4165 1216 4229 76.
1263 4162 1725 4232 Secundarium
1768 4184 2001 4246 panem
2046 4168 2105 4229 et
2144 4163 2475 4249 pisciculos
2518 4165 2787 4230 minutos

971 4297 1029 4357 et
1074 4311 1317 4357 caseum
1365 4291 1657 4356 bubulum
1703 4310 1903 4356 manu
1938 4310 2230 4375 pressum
2276 4295 2335 4355 et
2369 4290 2517 4362 ficos
2554 4291 2787 4355 virides

971 4418 1212 4502 biferas
1273 4418 1544 4483 mamime
1603 4394 1961 4502 appetebam
2020 4418 2492 4501 vescebaturque
2537 4423 2595 4480 et
2638 4422 2791 4481 ante
