3509 5509
1822 723 1908 786 34

734 933 1020 998 cundum
1084 936 1462 1017 Antonium,
1507 943 1768 1018 apparet
1829 937 2103 1018 turpiter
2148 938 2211 998 et
2256 933 2480 998 timide
2526 952 2673 998 eum
2721 933 2983 1018 fugisse.

737 1058 880 1135 Qua
947 1061 1025 1126 de
1085 1080 1280 1124 causa
1343 1061 1682 1144 legendum
1736 1065 1927 1144 puto:
1976 1061 2113 1124 sine
2144 1059 2595 1144 paludamento
2640 1058 2981 1140 clypeoque.

821 1185 1096 1270 Rogabit
1157 1189 1462 1250 nimirum
1512 1189 1783 1271 aliquis:
1840 1185 2048 1273 „Qu-id
2098 1188 2247 1250 duci
2294 1207 2443 1250 cum
2492 1183 2831 1270 clypeo‘?'',
2876 1190 2983 1250 cui

731 1312 1120 1394 respondeo:
1171 1313 1408 1395 optime
1455 1331 1610 1376 sane
1653 1314 1787 1376 scio
1836 1313 2031 1395 vulgo
2079 1312 2275 1376 duces
2324 1331 2541 1375 secum
2591 1331 2722 1374 non
2758 1313 2985 1376 tulisse

730 1439 989 1522 clypeos
1037 1439 1140 1502 vel
1188 1445 1388 1519 scuta,
1435 1437 1566 1520 sed,
1615 1439 1670 1502 si
1709 1443 1880 1503 recte
1921 1439 2195 1522 legimus
2220 1437 2511 1502 Suetonii
2538 1441 2983 1520 narrationem,

729 1567 785 1628 si
835 1565 1128 1629 videmus
1177 1570 1450 1649 utraque
1474 1571 1651 1648 parte
1675 1567 1985 1629 acerrime
2011 1570 2367 1648 pugnatum
2396 1583 2555 1647 esse,
2578 1566 2980 1649 Augustum-

731 1709 856 1774 que
927 1692 994 1754 in
1060 1710 1314 1754 summo
1377 1697 1698 1754 versatum
1748 1709 1889 1754 esse
1934 1691 2238 1774 periculo,
2286 1691 2340 1753 si
2386 1709 2575 1773 porro
2624 1693 2981 1773 cogitamus

727 1817 805 1880 de
877 1822 1161 1882 veterum
1236 1818 1566 1901 pugnandi
1629 1818 1893 1897 ratione,
1941 1835 2107 1899 quae
2150 1816 2341 1899 longe
2388 1816 2597 1880 differt
2642 1837 2679 1880 a
2726 1824 2981 1881 nostrae

726 1945 948 2008 aetatis
1021 1962 1197 2007 more
1259 1981 1340 1990 —
1408 1963 1556 2007 nam
1624 1947 1871 2008 veteres
1918 1943 2115 2006 duces
2162 1962 2289 2005 non
2336 1943 2544 2006 solum
2596 1948 2980 2026 spectatores

725 2075 907 2134 erant
953 2089 989 2135 e
1035 2071 1196 2134 colle
1245 2071 1624 2153 propinque,
1674 2074 1745 2132 ut
1793 2069 1983 2132 hodie
2029 2071 2255 2166 solent,
2302 2069 2414 2133 sed
2461 2089 2685 2134 revera
2731 2091 2976 2154 pugna—

723 2195 878 2259 bant
947 2198 1117 2261 inter
1179 2197 1337 2260 alios
1383 2233 1495 2279 ——,
1540 2195 1768 2279 procul
1816 2194 2012 2258 dubio
2061 2197 2346 2278 accipere
2392 2211 2741 2278 possumus
2788 2197 2975 2260 etiam

723 2323 920 2385 duces
985 2323 1050 2384 in
1118 2322 1359 2406 proelio
1423 2322 1779 2404 sumpsisse
1834 2324 2016 2384 scuta
2063 2325 2137 2383 ut
2184 2339 2253 2383 se
2301 2320 2713 2384 defenderent
2758 2325 2978 2384 contra

689 2448 1002 2510 hostium
1073 2447 1321 2530 gladios
1383 2447 1744 2530 sagittasve.
1810 2445 1957 2527 Cur,
2008 2464 2265 2528 quaeSO,
2313 2446 2463 2509 duci
2510 2465 2639 2509 non
2689 2446 2978 2510 licuisset

723 2591 792 2636 se
840 2572 1210 2651 defendere3
1264 2592 1391 2655 qua
1437 2571 1516 2635 de
1562 2590 1759 2635 causa
1804 2572 2007 2634 coacti
2055 2577 2270 2634 essent
2307 2571 2721 2653 imperatores
2746 2590 2975 2654 corpus

725 2700 1054 2783 vitamque
1100 2717 1419 2782 exponere
1466 2698 1772 2782 periculis
1820 2699 1959 2761 sine
2004 2696 2135 2761 ulla
2183 2695 2595 2762 defensione?

725 2873 730 2878 .
815 2824 1070 2908 Ubique
1136 2824 1268 2889 fere
1335 2829 1549 2888 tacent
1609 2825 1687 2888 de
1735 2825 1853 2888 hac
1900 2825 2273 2907 quaestione
2320 2826 2663 2907 scriptores
2711 2829 2975 2907 veteres,

723 2953 834 3016 sed
885 2972 1056 3015 unus
1103 2957 1312 3016 exstat
1358 2952 1556 3033 locuS,
1605 2953 1719 3034 qui
1753 2951 1953 3014 -valde
2000 2949 2275 3013 affirmat
2322 2951 2686 3033 opinionem
2738 2970 2963 3015 meam.

719 3078 960 3143 Locum
1011 3078 1156 3141 volo
1202 3078 1374 3161 apud
1420 3076 1696 3158 Livium,
1741 3075 1855 3140 ubi
1905 3077 1983 3140 de
2026 3075 2277 3140 Tiberio
2326 3075 2611 3139 Graccho
2638 3078 2730 3140 sic
2759 3081 2974 3140 narrat

717 3202 880 3282 (Lib.
949 3203 1164 3267 XXV.
1237 3223 1288 3267 c.
1363 3204 1443 3266 16
1517 3205 1555 3285 ἓ
1627 3206 1769 3285 21);
1840 3206 2045 3284 „inter
2105 3205 2260 3267 haec
2307 3204 2475 3267 dicta
2522 3205 2971 3287 paludamento

719 3332 886 3393 circa
954 3330 1206 3394 laevum
1280 3329 1611 3394 brachium
1681 3331 1919 3393 intorto
1990 3367 2071 3375 ——
2145 3349 2291 3393 nam
2357 3349 2437 3393 ne
2484 3336 2665 3394 scuta
2711 3331 2966 3414 quidem

720 3456 1086 3520 extulerant
1131 3494 1214 3503 —
1265 3459 1331 3519 in
1383 3457 1582 3521 hostis
1628 3458 1941 3540 impetum
1990 3454 2197 3519 fecit'’.

807 3581 1114 3666 Legimus
1164 3601 1314 3667 ergo
1365 3582 1746 3663 Gracchum,
1793 3582 2039 3663 ducem,
2087 3582 2539 3665 paludamento
2588 3583 2779 3647 usum
2828 3600 2969 3647 esse

719 3714 1048 3793 tamquam
1119 3714 1318 3790 scut0,
1363 3712 1402 3772 i.
1452 3728 1537 3773 e.:
1585 3710 1678 3773 sic
1724 3710 1873 3791 agit,
1918 3709 2070 3791 quia
2117 3714 2297 3772 scuta
2343 3727 2558 3772 secum
2609 3728 2737 3773 non
2781 3714 2967 3774 extu-

718 3836 941 3918 lerant,
986 3856 1155 3917 nam,
1202 3837 1257 3899 si
1305 3842 1488 3900 scuta
1533 3836 1611 3899 ad
1660 3854 1891 3898 manus
1939 3833 2229 3911 fuissent,
2269 3836 2407 3899 sine
2445 3834 2642 3898 dubio
2666 3836 2963 3919 clypeum

715 3963 1003 4045 cepisset.
1075 3960 1348 4025 Disertis
1413 3960 1632 4025 verbis
1701 3959 1807 4023 hic
1868 3965 2083 4023 narrat
2128 3959 2352 4023 Livius
2399 3960 2465 4023 id
2512 3963 2745 4044 ipsum,
2792 3961 2963 4044 quod

717 4089 1116 4171 quaerimus:
1189 4086 1258 4151 Si
1327 4086 1703 4171 pugnabant
1765 4086 1963 4149 duces
2022 4085 2315 4167 Romani,
2376 4087 2601 4150 eedem
2656 4087 2843 4151 modo
2891 4106 2964 4149 ac

717 4214 970 4296 milites,
1017 4215 1214 4277 armis
1259 4214 1534 4297 telisque
1579 4215 1684 4277 usi
1732 4218 1902 4277 sunt.
1944 4213 2028 4277 Et
2069 4215 2240 4297 quod
2281 4214 2431 4279 fecit
2460 4213 2591 4277 Tib.
2619 4214 2964 4297 GracchuS,

712 4359 830 4403 cur
895 4340 960 4402 id
1032 4338 1236 4404 facere
1305 4359 1434 4403 non
1497 4340 1706 4423 potuit
1766 4340 2157 4423 Augustus?
2224 4339 2466 4416 Quodsi
2517 4342 2963 4406 tantummodo

713 4465 1008 4529 rediisset
1054 4467 1396 4549 Augustus
1445 4466 1523 4529 ad
1571 4484 1725 4531 suos
1768 4468 1909 4530 sine
1934 4466 2389 4549 paludamento
2416 4467 2526 4530 sed
2552 4486 2699 4529 cum
2729 4467 2970 4550 clypeo
