3509 5509
1796 681 1878 744 60

798 892 1170 978 Legendum
1233 911 1384 976 ergo
1447 912 1769 976 propono:
1839 890 2185 954 instantius
2234 890 2559 973 plausum,
2607 893 2645 954 i.
2694 911 2781 954 e.:
2835 911 2960 955 non

713 1018 904 1082 breve
965 1023 1240 1102 tempuS,
1285 1018 1398 1083 sed
1447 1017 1692 1082 diutius
1738 1017 2059 1100 plaudunt
2105 1021 2507 1100 spectatores,
2560 1016 2959 1081 Vocabulum

708 1145 1057 1209 instantius
1127 1164 1257 1208 non
1326 1145 1607 1208 alienum
1670 1162 1813 1209 esse
1874 1165 1911 1207 a
1972 1143 2281 1208 Suetonio
2344 1147 2518 1228 patet
2576 1163 2660 1207 ex
2708 1144 2836 1207 vita
2882 1141 2958 1205 D.

709 1271 980 1354 Claudii,
1035 1291 1169 1355 cap.
1237 1273 1296 1353 5,
1354 1271 1464 1334 ubi
1511 1271 1817 1354 legimus:
1872 1269 2201 1352 „Tiberius
2247 1276 2520 1353 patruus
2565 1270 2803 1353 petenti
2850 1269 2959 1332 ho·

706 1416 894 1461 nores
940 1379 1306 1460 consularia
1353 1403 1728 1460 ornamenta
1778 1396 2043 1475 detulit3
2096 1395 2204 1460 sed
2254 1395 2599 1459 instantius
2637 1395 2956 1478 legitimos

703 1521 1017 1605 flagitanti
1063 1521 1130 1584 id
1179 1522 1386 1586 solum
1437 1521 1746 1587 codicillis
1794 1522 2119 1605 rescripsit
2166 1539 2216 1584 e.
2245 1541 2303 1604 q.
2328 1519 2419 1584 s.'’
2470 1519 2556 1584 Ut
2602 1538 2752 1603 ergo
2778 1519 2957 1583 tolla-

703 1668 850 1714 mus
919 1650 1335 1733 tautologiam
1399 1669 1528 1712 non
1587 1648 1936 1730 ferendam,
1994 1649 2121 1712 levi
2172 1649 2521 1711 mutatione
2570 1648 2951 1711 sententiam

704 1781 986 1840 nostram
1057 1763 1495 1859 corrigendam
1559 1780 1733 1858 put0,
1786 1793 1951 1858 quae
2000 1774 2269 1838 mutatio
2319 1773 2639 1837 meliorem
2694 1791 2953 1855 quoque

702 1902 960 1985 praebet
1007 1921 1286 1966 sensum.

1054 2085 1206 2170 Gap.
1248 2087 1350 2149 64.
1401 2085 1640 2151 Gaium
1686 2091 1746 2150 et
1791 2084 2063 2150 Lucium
2107 2085 2446 2168 adoptavit,
2494 2084 2657 2148 domi
2696 2103 2813 2164 per
2852 2103 2952 2146 as-

1133 2232 1258 2276 sem
1303 2217 1362 2275 et
1405 2211 1628 2275 libram
1674 2214 1902 2290 emptos
1943 2232 1987 2274 a
2022 2217 2213 2293 patre
2259 2209 2553 2292 Ayrippa
2598 2231 2645 2274 e.
2666 2229 2718 2293 q.
2743 2229 2791 2273 8.

783 2399 1114 2462 Mittamus
1181 2399 1621 2483 quaestionem
1675 2404 1893 2462 utrum
1944 2398 2285 2481 legendum
2337 2399 2420 2463 sit
2461 2417 2577 2481 per
2619 2417 2818 2461 assem
2856 2418 2947 2491 ‚an

692 2545 808 2609 per
872 2544 977 2588 aes
1038 2530 1095 2588 et
1155 2523 1412 2604 libram3
1479 2525 1634 2588 haec
1695 2525 1857 2588 nihil
1919 2525 1998 2588 ad
2045 2527 2441 2609 propositum
2489 2531 2781 2589 nostrum
2829 2543 2947 2588 nec

693 2650 771 2714 ad
836 2651 1189 2715 sententiae
1248 2652 1857 2734 interpretationem,
1922 2657 1987 2715 at
2044 2653 2259 2734 potius
2307 2651 2384 2715 de
2428 2652 2946 2735 interpunctione

690 2795 897 2859 pauca
945 2776 1349 2841 disseramus.
1398 2776 1580 2841 Sicut
1627 2797 1802 2841 nunc
1850 2777 2142 2861 legimus,
2183 2780 2524 2861 Augustus
2548 2777 2749 2842 fertur
2774 2777 2945 2840 domi

690 2902 922 2965 emisse
971 2900 1203 2965 Gaium
1253 2907 1314 2966 et
1363 2865 1637 2966 Lucium
1687 2923 1724 2965 a
1771 2907 1951 2986 patre
1998 2903 2303 2987 Agrippa.
2352 2901 2729 2967 Cuiusnein
2757 2904 2943 2966 domo

693 3026 846 3089 haec
893 3028 1130 3109 emptio
1175 3026 1344 3091 facta
1391 3028 1536 3091 est?
1585 3027 1729 3091 Non
1774 3030 1929 3092 satis
1970 3034 2236 3093 constat.
2277 3028 2527 3119 Domus
2553 3030 2722 3093 haud
2750 3029 2943 3094 dubie

687 3153 808 3216 hoc
869 3153 1010 3217 loco
1058 3157 1264 3237 potest
1310 3171 1450 3217 esse
1501 3158 1628 3216 tam
1678 3156 1981 3236 Augusti,
2030 3174 2222 3238 quam
2272 3154 2611 3238 Agrippae.
2659 3154 2782 3218 Sed
2832 3156 2941 3216 vix

688 3278 860 3342 credi
913 3285 1120 3363 potest
1167 3280 1517 3361 principem
1571 3280 1892 3362 Agrippae
1939 3279 2199 3342 domum
2248 3281 2401 3344 iisse
2449 3286 2521 3342 ut
2568 3279 2655 3342 ibi
2703 3286 2941 3343 emeret

685 3402 871 3487 filios,
931 3424 1080 3469 cum
1143 3405 1197 3467 ei
1248 3406 1467 3468 liceret
1512 3407 1579 3467 in
1629 3405 1817 3468 domo
1868 3425 1984 3469 sua
2032 3410 2227 3469 totam
2281 3407 2809 3489 mancipationem
2859 3406 2939 3471 ad

687 3527 879 3594 finem
929 3530 1290 3615 perducere.

621 3632 625 3636 ⁵
777 3656 977 3720 Gaius
1047 3662 1110 3719 et
1171 3654 1412 3719 Lucius
1477 3656 1687 3721 adhuc
1749 3662 1903 3721 sunt
1947 3659 2015 3719 in
2065 3659 2263 3740 patris
2310 3662 2637 3741 potestate,
2686 3680 2815 3742 qua
2862 3660 2939 3724 de

688 3802 883 3847 causa
944 3783 1250 3865 Agrippa,
1313 3783 1453 3845 sine
1509 3782 1728 3866 populi
1778 3801 2116 3865 consensu,
2158 3780 2325 3847 filios
2374 3787 2674 3869 Augusto
2724 3805 2939 3850 eman-

688 3910 898 3993 cipare
963 3909 1188 3992 potuit.
1263 3907 1526 3972 Nullius
1595 3928 1744 3992 ergo
1810 3911 2115 3973 momenti
2177 3914 2290 3992 est,
2336 3930 2465 3994 quo
2511 3911 2649 3975 loco
2699 3914 2935 3998 emptio

687 4035 799 4098 illa
844 4035 1014 4098 facta
1057 4036 1158 4116 sit,
1207 4034 1317 4098 sed
1360 4034 1473 4098 ubi
1513 4034 1742 4097 Gaium
1770 4040 1833 4099 et
1855 4033 2127 4099 Lucium
2153 4036 2551 4118 adoptaverit
2572 4037 2933 4121 Augustus.

776 4157 959 4223 Duae
1021 4160 1193 4223 enim
1257 4164 1411 4223 sunt
1466 4158 1811 4242 adoptandi
1859 4162 2175 4223 rationes:
2220 4160 2545 4243 adroyatio
2592 4166 2654 4226 et
2699 4163 2935 4227 manci-

689 4283 878 4365 patio,
926 4282 1051 4360 Qui
1097 4289 1328 4367 autem,
1378 4290 1575 4349 morte
1623 4265 1959 4369 parentum
2010 4306 2294 4369 suorum,
2334 4289 2461 4350 iam
2501 4296 2715 4371 patres
2752 4290 2935 4355 fami·-

704 4410 822 4473 lias
868 4410 1074 4473 effecti
1123 4414 1294 4493 sunt,
1338 4412 1388 4473 ii
1432 4411 1690 4499 nonnisi
1737 4411 1809 4474 in
1854 4410 2009 4494 foro,
2057 4430 2267 4475 coram
2317 4413 2747 4496 pontificibus,
2796 4416 2935 4500 lege

3462 5096 3480 5491 —a-——ae
