<?xml version="1.0" encoding="UTF-8"?>
<!DOCTYPE html PUBLIC "-//W3C//DTD XHTML 1.0 Transitional//EN"
    "http://www.w3.org/TR/xhtml1/DTD/xhtml1-transitional.dtd">
<html xmlns="http://www.w3.org/1999/xhtml" xml:lang="en" lang="en">
 <head>
  <title>
</title>
<meta http-equiv="Content-Type" content="text/html;charset=utf-8" />
  <meta name='ocr-system' content='tesseract 3.04.00' />
  <meta name='ocr-capabilities' content='ocr_page ocr_carea ocr_par ocr_line ocrx_word'/>
</head>
<body>
  <div class='ocr_page' id='page_1' title='image "./spicilegiumcrit00boekgoog_0083.png"; bbox 0 0 3509 5509; ppageno 0'>
   <div class='ocr_carea' id='block_1_1' title="bbox 1585 677 1664 740">
    <p class='ocr_par' dir='ltr' id='par_1_1' title="bbox 1585 677 1664 740">
     <span class='ocr_line' id='line_1_1' title="bbox 1585 677 1664 740; baseline 0 0"><span class='ocrx_word' id='word_1_1' title='bbox 1585 677 1664 740; x_wconf 79' lang='lat'><strong>71</strong></span> 
     </span>
    </p>
   </div>
   <div class='ocr_carea' id='block_1_2' title="bbox 939 887 2744 1100">
    <p class='ocr_par' dir='ltr' id='par_1_2' title="bbox 939 887 2744 1100">
     <span class='ocr_line' id='line_1_2' title="bbox 939 887 2744 973; baseline 0.001 -21"><span class='ocrx_word' id='word_1_2' title='bbox 939 887 1172 971; x_wconf 77' lang='lat' dir='ltr'><strong><em>lectica,</em></strong></span> <span class='ocrx_word' id='word_1_3' title='bbox 1229 888 1380 954; x_wconf 78' lang='lat' dir='ltr'><strong>dum</strong></span> <span class='ocrx_word' id='word_1_4' title='bbox 1437 895 1673 954; x_wconf 77' lang='lat' dir='ltr'><strong>ceterae</strong></span> <span class='ocrx_word' id='word_1_5' title='bbox 1732 893 2061 954; x_wconf 79' lang='lat' dir='ltr'><strong>matronae</strong></span> <span class='ocrx_word' id='word_1_6' title='bbox 2118 889 2481 973; x_wconf 76' lang='lat' dir='ltr'><strong>dormirent,</strong></span> <span class='ocrx_word' id='word_1_7' title='bbox 2527 887 2744 954; x_wconf 80' lang='lat' dir='ltr'><strong>obdor-</strong></span> 
     </span>
     <span class='ocr_line' id='line_1_3' title="bbox 943 1013 1364 1100; baseline 0.002 -22"><span class='ocrx_word' id='word_1_8' title='bbox 943 1013 1121 1079; x_wconf 81' lang='lat' dir='ltr'><strong>misse</strong></span> <span class='ocrx_word' id='word_1_9' title='bbox 1164 1035 1212 1080; x_wconf 82' lang='lat' dir='ltr'><strong>e.</strong></span> <span class='ocrx_word' id='word_1_10' title='bbox 1237 1035 1296 1100; x_wconf 79' lang='lat' dir='ltr'><strong>q.</strong></span> <span class='ocrx_word' id='word_1_11' title='bbox 1317 1035 1364 1079; x_wconf 85' lang='lat' dir='ltr'><strong>s.</strong></span> 
     </span>
    </p>
   </div>
   <div class='ocr_carea' id='block_1_3' title="bbox 498 1260 2743 1476">
    <p class='ocr_par' dir='ltr' id='par_1_3' title="bbox 498 1260 2743 1476">
     <span class='ocr_line' id='line_1_4' title="bbox 585 1260 2743 1348; baseline 0.002 -24"><span class='ocrx_word' id='word_1_12' title='bbox 585 1260 690 1325; x_wconf 90' lang='lat' dir='ltr'><strong>Ad</strong></span> <span class='ocrx_word' id='word_1_13' title='bbox 737 1261 912 1326; x_wconf 87' lang='lat' dir='ltr'><strong>huno</strong></span> <span class='ocrx_word' id='word_1_14' title='bbox 956 1262 1169 1327; x_wconf 85' lang='lat' dir='ltr'><strong>locum</strong></span> <span class='ocrx_word' id='word_1_15' title='bbox 1219 1270 1391 1330; x_wconf 86' lang='lat' dir='ltr'><strong>recte</strong></span> <span class='ocrx_word' id='word_1_16' title='bbox 1436 1267 1771 1331; x_wconf 83' lang='lat' dir='ltr'><strong>annotavit</strong></span> <span class='ocrx_word' id='word_1_17' title='bbox 1818 1265 2122 1331; x_wconf 83' lang='lat' dir='ltr'><strong>Crusius:</strong></span> <span class='ocrx_word' id='word_1_18' title='bbox 2178 1265 2515 1348; x_wconf 88' lang='lat' dir='ltr'><strong>„Ceterum</strong></span> <span class='ocrx_word' id='word_1_19' title='bbox 2559 1266 2743 1330; x_wconf 86' lang='lat' dir='ltr'><strong>vitio-</strong></span> 
     </span>
     <span class='ocr_line' id='line_1_5' title="bbox 498 1389 2741 1476; baseline 0.003 -26"><span class='ocrx_word' id='word_1_20' title='bbox 498 1406 636 1451; x_wconf 85' lang='lat' dir='ltr'><strong>sam</strong></span> <span class='ocrx_word' id='word_1_21' title='bbox 697 1406 838 1453; x_wconf 86' lang='lat' dir='ltr'><strong>esse</strong></span> <span class='ocrx_word' id='word_1_22' title='bbox 879 1389 1254 1455; x_wconf 86' lang='lat' dir='ltr'><strong>lectionem:</strong></span> <span class='ocrx_word' id='word_1_23' title='bbox 1304 1390 1453 1456; x_wconf 79' lang='lat' dir='ltr'><strong>dum</strong></span> <span class='ocrx_word' id='word_1_24' title='bbox 1495 1397 1733 1457; x_wconf 76' lang='lat' dir='ltr'><strong>ceterae</strong></span> <span class='ocrx_word' id='word_1_25' title='bbox 1777 1398 2098 1458; x_wconf 80' lang='lat' dir='ltr'><strong>matronae</strong></span> <span class='ocrx_word' id='word_1_26' title='bbox 2143 1392 2507 1476; x_wconf 75' lang='lat' dir='ltr'><strong>dormirent,</strong></span> <span class='ocrx_word' id='word_1_27' title='bbox 2551 1411 2741 1457; x_wconf 90' lang='lat' dir='ltr'><strong>nemo</strong></span> 
     </span>
    </p>
   </div>
   <div class='ocr_carea' id='block_1_4' title="bbox 372 1513 2746 1603">
    <p class='ocr_par' dir='ltr' id='par_1_4' title="bbox 372 1513 2746 1603">
     <span class='ocr_line' id='line_1_6' title="bbox 372 1513 2746 1603; baseline 0.003 -26"><span class='ocrx_word' id='word_1_28' title='bbox 372 1513 377 1518; x_wconf 86' lang='grc'><strong>’</strong></span> <span class='ocrx_word' id='word_1_29' title='bbox 496 1513 628 1578; x_wconf 89' lang='lat' dir='ltr'><strong>non</strong></span> <span class='ocrx_word' id='word_1_30' title='bbox 693 1513 913 1580; x_wconf 84' lang='lat' dir='ltr'><strong>vidit.&#39;’</strong></span> <span class='ocrx_word' id='word_1_31' title='bbox 973 1515 1204 1581; x_wconf 87' lang='lat' dir='ltr'><strong>Varios</strong></span> <span class='ocrx_word' id='word_1_32' title='bbox 1266 1536 1416 1603; x_wconf 86' lang='lat' dir='ltr'><strong>ergo</strong></span> <span class='ocrx_word' id='word_1_33' title='bbox 1480 1523 1894 1585; x_wconf 86' lang='lat' dir='ltr'><strong>tentaverunt</strong></span> <span class='ocrx_word' id='word_1_34' title='bbox 1948 1521 2171 1585; x_wconf 91' lang='lat' dir='ltr'><strong>modos</strong></span> <span class='ocrx_word' id='word_1_35' title='bbox 2218 1521 2601 1585; x_wconf 86' lang='lat' dir='ltr'><strong>emendandi</strong></span> <span class='ocrx_word' id='word_1_36' title='bbox 2645 1521 2746 1584; x_wconf 76' lang='lat' dir='ltr'><strong>in-⁴</strong></span> 
     </span>
    </p>
   </div>
   <div class='ocr_carea' id='block_1_5' title="bbox 493 1641 2745 2742">
    <p class='ocr_par' dir='ltr' id='par_1_5' title="bbox 493 1641 2745 2489">
     <span class='ocr_line' id='line_1_7' title="bbox 496 1641 2745 1729; baseline 0.002 -24"><span class='ocrx_word' id='word_1_37' title='bbox 496 1644 818 1725; x_wconf 84' lang='lat' dir='ltr'><strong>terpretes.</strong></span> <span class='ocrx_word' id='word_1_38' title='bbox 878 1641 1250 1708; x_wconf 83' lang='lat' dir='ltr'><strong>Torrentius</strong></span> <span class='ocrx_word' id='word_1_39' title='bbox 1309 1649 1512 1709; x_wconf 89' lang='lat' dir='ltr'><strong>totum</strong></span> <span class='ocrx_word' id='word_1_40' title='bbox 1577 1647 1984 1712; x_wconf 85' lang='lat' dir='ltr'><strong>enuntiatum</strong></span> <span class='ocrx_word' id='word_1_41' title='bbox 2040 1647 2460 1711; x_wconf 85' lang='lat' dir='ltr'><strong>resecandum</strong></span> <span class='ocrx_word' id='word_1_42' title='bbox 2508 1651 2745 1729; x_wconf 88' lang='lat' dir='ltr'><strong>censet,</strong></span> 
     </span>
     <span class='ocr_line' id='line_1_8' title="bbox 498 1747 2742 1857; baseline 0.003 -25"><span class='ocrx_word' id='word_1_43' title='bbox 498 1767 817 1834; x_wconf 80' lang='lat' dir='ltr'><strong>Graevius</strong></span> <span class='ocrx_word' id='word_1_44' title='bbox 886 1771 1124 1835; x_wconf 83' lang='lat' dir='ltr'><strong>suasit:</strong></span> <span class='ocrx_word' id='word_1_45' title='bbox 1193 1769 1345 1834; x_wconf 81' lang='lat' dir='ltr'><strong>dum</strong></span> <span class='ocrx_word' id='word_1_46' title='bbox 1405 1776 1639 1837; x_wconf 78' lang='lat' dir='ltr'><strong>ceterae</strong></span> <span class='ocrx_word' id='word_1_47' title='bbox 1683 1777 2011 1838; x_wconf 77' lang='lat' dir='ltr'><strong>matronae</strong></span> <span class='ocrx_word' id='word_1_48' title='bbox 2048 1747 2302 1838; x_wconf 58' lang='lat' dir='ltr'><strong>domum</strong></span> <span class='ocrx_word' id='word_1_49' title='bbox 2344 1773 2529 1856; x_wconf 76' lang='lat' dir='ltr'><strong>irent,</strong></span> <span class='ocrx_word' id='word_1_50' title='bbox 2576 1792 2742 1857; x_wconf 86' lang='lat' dir='ltr'><strong>quae</strong></span> 
     </span>
     <span class='ocr_line' id='line_1_9' title="bbox 495 1893 2744 1982; baseline 0.003 -24"><span class='ocrx_word' id='word_1_51' title='bbox 495 1893 855 1959; x_wconf 77' lang='lat' dir='ltr'><strong>emendatio</strong></span> <span class='ocrx_word' id='word_1_52' title='bbox 901 1895 1138 1979; x_wconf 81' lang='lat' dir='ltr'><strong>placuit</strong></span> <span class='ocrx_word' id='word_1_53' title='bbox 1184 1895 1636 1982; x_wconf 88' lang='lat' dir='ltr'><strong>Oudendorpio</strong></span> <span class='ocrx_word' id='word_1_54' title='bbox 1682 1903 1746 1964; x_wconf 92' lang='lat' dir='ltr'><strong>et</strong></span> <span class='ocrx_word' id='word_1_55' title='bbox 1788 1899 2117 1980; x_wconf 82' lang='lat' dir='ltr'><strong>Fabrici03</strong></span> <span class='ocrx_word' id='word_1_56' title='bbox 2158 1898 2499 1965; x_wconf 85' lang='lat' dir='ltr'><strong>Ernestius</strong></span> <span class='ocrx_word' id='word_1_57' title='bbox 2523 1904 2744 1964; x_wconf 88' lang='lat' dir='ltr'><strong>contra</strong></span> 
     </span>
     <span class='ocr_line' id='line_1_10' title="bbox 493 2018 2741 2110; baseline 0.004 -28"><span class='ocrx_word' id='word_1_58' title='bbox 493 2018 681 2103; x_wconf 86' lang='lat' dir='ltr'><strong>legit:</strong></span> <span class='ocrx_word' id='word_1_59' title='bbox 752 2019 903 2084; x_wconf 76' lang='lat' dir='ltr'><strong>dum</strong></span> <span class='ocrx_word' id='word_1_60' title='bbox 969 2027 1204 2086; x_wconf 80' lang='lat' dir='ltr'><strong>ceterae</strong></span> <span class='ocrx_word' id='word_1_61' title='bbox 1268 2028 1596 2088; x_wconf 78' lang='lat' dir='ltr'><strong>matronae</strong></span> <span class='ocrx_word' id='word_1_62' title='bbox 1642 2025 1922 2089; x_wconf 76' lang='lat' dir='ltr'><strong>venirent</strong></span> <span class='ocrx_word' id='word_1_63' title='bbox 1969 2027 2071 2090; x_wconf 84' lang='lat' dir='ltr'><strong>vel</strong></span> <span class='ocrx_word' id='word_1_64' title='bbox 2114 2026 2528 2109; x_wconf 74' lang='lat' dir='ltr'><strong>convenirent,</strong></span> <span class='ocrx_word' id='word_1_65' title='bbox 2573 2045 2741 2110; x_wconf 86' lang='lat' dir='ltr'><strong>quae</strong></span> 
     </span>
     <span class='ocr_line' id='line_1_11' title="bbox 494 2145 2743 2218; baseline 0.004 -9"><span class='ocrx_word' id='word_1_66' title='bbox 494 2145 840 2211; x_wconf 83' lang='lat' dir='ltr'><strong>laudantur</strong></span> <span class='ocrx_word' id='word_1_67' title='bbox 906 2167 943 2211; x_wconf 87' lang='lat' dir='ltr'><strong>a</strong></span> <span class='ocrx_word' id='word_1_68' title='bbox 1010 2147 1261 2213; x_wconf 90' lang='lat' dir='ltr'><strong>Wolfio.</strong></span> <span class='ocrx_word' id='word_1_69' title='bbox 1330 2148 1750 2215; x_wconf 87' lang='lat' dir='ltr'><strong>Burmannus</strong></span> <span class='ocrx_word' id='word_1_70' title='bbox 1822 2170 1973 2216; x_wconf 85' lang='lat' dir='ltr'><strong>vero</strong></span> <span class='ocrx_word' id='word_1_71' title='bbox 2043 2152 2200 2216; x_wconf 86' lang='lat' dir='ltr'><strong>haec</strong></span> <span class='ocrx_word' id='word_1_72' title='bbox 2261 2151 2458 2217; x_wconf 87' lang='lat' dir='ltr'><strong>verba</strong></span> <span class='ocrx_word' id='word_1_73' title='bbox 2520 2152 2743 2218; x_wconf 86' lang='lat' dir='ltr'><strong>abesse</strong></span> 
     </span>
     <span class='ocr_line' id='line_1_12' title="bbox 497 2273 2739 2362; baseline 0.004 -27"><span class='ocrx_word' id='word_1_74' title='bbox 497 2273 774 2337; x_wconf 84' lang='lat' dir='ltr'><strong>mavult:</strong></span> <span class='ocrx_word' id='word_1_75' title='bbox 853 2273 1125 2355; x_wconf 76' lang='lat' dir='ltr'><strong>„inferta</strong></span> <span class='ocrx_word' id='word_1_76' title='bbox 1191 2273 1271 2340; x_wconf 86' lang='lat' dir='ltr'><strong>ab</strong></span> <span class='ocrx_word' id='word_1_77' title='bbox 1343 2275 1577 2360; x_wconf 87' lang='lat' dir='ltr'><strong>aliquo,</strong></span> <span class='ocrx_word' id='word_1_78' title='bbox 1647 2279 1763 2361; x_wconf 90' lang='lat' dir='ltr'><strong>qui</strong></span> <span class='ocrx_word' id='word_1_79' title='bbox 1832 2278 2191 2362; x_wconf 84' lang='lat' dir='ltr'><strong>verebatur,</strong></span> <span class='ocrx_word' id='word_1_80' title='bbox 2262 2297 2343 2344; x_wconf 91' lang='lat' dir='ltr'><strong>ne</strong></span> <span class='ocrx_word' id='word_1_81' title='bbox 2415 2283 2739 2344; x_wconf 86' lang='lat' dir='ltr'><strong>matronae</strong></span> 
     </span>
     <span class='ocr_line' id='line_1_13' title="bbox 495 2400 2109 2489; baseline 0.004 -26"><span class='ocrx_word' id='word_1_82' title='bbox 495 2405 832 2484; x_wconf 86' lang='lat' dir='ltr'><strong>conspecto</strong></span> <span class='ocrx_word' id='word_1_83' title='bbox 880 2400 1301 2485; x_wconf 83' lang='lat' dir='ltr'><strong>vigilantibus</strong></span> <span class='ocrx_word' id='word_1_84' title='bbox 1344 2403 1619 2469; x_wconf 84' lang='lat' dir='ltr'><strong>dracone</strong></span> <span class='ocrx_word' id='word_1_85' title='bbox 1665 2403 2109 2489; x_wconf 74' lang='lat' dir='ltr'><strong>diffugerent.”</strong></span> 
     </span>
    </p>

    <p class='ocr_par' dir='ltr' id='par_1_6' title="bbox 495 2499 2743 2742">
     <span class='ocr_line' id='line_1_14' title="bbox 583 2499 2743 2616; baseline 0.003 -26"><span class='ocrx_word' id='word_1_86' title='bbox 583 2527 736 2591; x_wconf 89' lang='lat' dir='ltr'><strong>Sine</strong></span> <span class='ocrx_word' id='word_1_87' title='bbox 783 2525 980 2592; x_wconf 90' lang='lat' dir='ltr'><strong>dubio</strong></span> <span class='ocrx_word' id='word_1_88' title='bbox 1027 2528 1366 2613; x_wconf 86' lang='lat' dir='ltr'><strong>vulgatum</strong></span> <span class='ocrx_word' id='word_1_89' title='bbox 1414 2530 1669 2595; x_wconf 88' lang='lat' dir='ltr'><strong>defendi</strong></span> <span class='ocrx_word' id='word_1_90' title='bbox 1713 2551 1845 2596; x_wconf 90' lang='lat' dir='ltr'><strong>non</strong></span> <span class='ocrx_word' id='word_1_91' title='bbox 1890 2537 2113 2616; x_wconf 88' lang='lat' dir='ltr'><strong>potest.</strong></span> <span class='ocrx_word' id='word_1_92' title='bbox 2162 2531 2394 2596; x_wconf 87' lang='lat' dir='ltr'><strong>Modus</strong></span> <span class='ocrx_word' id='word_1_93' title='bbox 2436 2499 2743 2596; x_wconf 86' lang='lat' dir='ltr'><strong>coniunc-</strong></span> 
     </span>
     <span class='ocr_line' id='line_1_15' title="bbox 495 2653 2740 2742; baseline 0.003 -26"><span class='ocrx_word' id='word_1_94' title='bbox 495 2653 669 2718; x_wconf 86' lang='lat' dir='ltr'><strong>tivus</strong></span> <span class='ocrx_word' id='word_1_95' title='bbox 714 2673 817 2718; x_wconf 94' lang='lat' dir='ltr'><strong>me</strong></span> <span class='ocrx_word' id='word_1_96' title='bbox 864 2672 994 2717; x_wconf 90' lang='lat' dir='ltr'><strong>non</strong></span> <span class='ocrx_word' id='word_1_97' title='bbox 1043 2654 1323 2739; x_wconf 85' lang='lat' dir='ltr'><strong>offendit,</strong></span> <span class='ocrx_word' id='word_1_98' title='bbox 1370 2657 1524 2740; x_wconf 87' lang='lat' dir='ltr'><strong>quia</strong></span> <span class='ocrx_word' id='word_1_99' title='bbox 1567 2675 1698 2721; x_wconf 91' lang='lat' dir='ltr'><strong>non</strong></span> <span class='ocrx_word' id='word_1_100' title='bbox 1746 2658 1981 2742; x_wconf 82' lang='lat' dir='ltr'><strong>pendet</strong></span> <span class='ocrx_word' id='word_1_101' title='bbox 2026 2678 2063 2722; x_wconf 87' lang='lat' dir='ltr'><strong>a</strong></span> <span class='ocrx_word' id='word_1_102' title='bbox 2109 2657 2278 2740; x_wconf 79' lang='lat' dir='ltr'><strong>dum,</strong></span> <span class='ocrx_word' id='word_1_103' title='bbox 2325 2658 2439 2723; x_wconf 89' lang='lat' dir='ltr'><strong>sed</strong></span> <span class='ocrx_word' id='word_1_104' title='bbox 2484 2658 2562 2723; x_wconf 86' lang='lat' dir='ltr'><strong>ab</strong></span> <span class='ocrx_word' id='word_1_105' title='bbox 2602 2678 2740 2723; x_wconf 91' lang='lat' dir='ltr'><strong>ora-</strong></span> 
     </span>
    </p>
   </div>
   <div class='ocr_carea' id='block_1_6' title="bbox 495 2780 2849 2868">
    <p class='ocr_par' dir='ltr' id='par_1_7' title="bbox 495 2780 2849 2868">
     <span class='ocr_line' id='line_1_16' title="bbox 495 2780 2849 2868; baseline 0 -24"><span class='ocrx_word' id='word_1_106' title='bbox 495 2782 669 2846; x_wconf 85' lang='lat' dir='ltr'><strong>tione</strong></span> <span class='ocrx_word' id='word_1_107' title='bbox 722 2780 1014 2866; x_wconf 84' lang='lat' dir='ltr'><strong>obliqua3</strong></span> <span class='ocrx_word' id='word_1_108' title='bbox 1064 2786 1233 2847; x_wconf 86' lang='lat' dir='ltr'><strong>recta</strong></span> <span class='ocrx_word' id='word_1_109' title='bbox 1281 2787 1482 2847; x_wconf 90' lang='lat' dir='ltr'><strong>esset:</strong></span> <span class='ocrx_word' id='word_1_110' title='bbox 1531 2782 1709 2868; x_wconf 76' lang='lat' dir='ltr'><strong>Atia,</strong></span> <span class='ocrx_word' id='word_1_111' title='bbox 1756 2784 1905 2849; x_wconf 77' lang='lat' dir='ltr'><strong>dum</strong></span> <span class='ocrx_word' id='word_1_112' title='bbox 1951 2788 2187 2849; x_wconf 77' lang='lat' dir='ltr'><strong>ceterae</strong></span> <span class='ocrx_word' id='word_1_113' title='bbox 2230 2788 2553 2867; x_wconf 76' lang='lat' dir='ltr'><strong>matronae</strong></span> <span class='ocrx_word' id='word_1_114' title='bbox 2597 2785 2739 2849; x_wconf 83' lang='lat' dir='ltr'><strong>dor·</strong></span> <span class='ocrx_word' id='word_1_115' title='bbox 2846 2842 2849 2845; x_wconf 77' lang='grc'><strong><em>,</em></strong></span> 
     </span>
    </p>
   </div>
   <div class='ocr_carea' id='block_1_7' title="bbox 491 2906 2742 4507">
    <p class='ocr_par' dir='ltr' id='par_1_8' title="bbox 491 2906 2742 3877">
     <span class='ocr_line' id='line_1_17' title="bbox 493 2906 2738 2994; baseline 0.002 -25"><span class='ocrx_word' id='word_1_116' title='bbox 493 2906 714 2985; x_wconf 73' lang='lat' dir='ltr'><strong>mium,</strong></span> <span class='ocrx_word' id='word_1_117' title='bbox 773 2906 1114 2975; x_wconf 82' lang='lat' dir='ltr'><strong>obdormiit.</strong></span> <span class='ocrx_word' id='word_1_118' title='bbox 1174 2907 1299 2973; x_wconf 86' lang='lat' dir='ltr'><strong>Sed</strong></span> <span class='ocrx_word' id='word_1_119' title='bbox 1361 2910 1454 2973; x_wconf 92' lang='lat' dir='ltr'><strong>sic</strong></span> <span class='ocrx_word' id='word_1_120' title='bbox 1498 2908 1724 2974; x_wconf 87' lang='lat' dir='ltr'><strong>Latine</strong></span> <span class='ocrx_word' id='word_1_121' title='bbox 1769 2910 1896 2973; x_wconf 90' lang='lat' dir='ltr'><strong>dici</strong></span> <span class='ocrx_word' id='word_1_122' title='bbox 1942 2928 2075 2974; x_wconf 90' lang='lat' dir='ltr'><strong>non</strong></span> <span class='ocrx_word' id='word_1_123' title='bbox 2121 2913 2347 2994; x_wconf 89' lang='lat' dir='ltr'><strong>potest,</strong></span> <span class='ocrx_word' id='word_1_124' title='bbox 2392 2908 2738 2974; x_wconf 89' lang='lat' dir='ltr'><strong>dicendum</strong></span> 
     </span>
     <span class='ocr_line' id='line_1_18' title="bbox 493 3033 2739 3120; baseline 0.001 -23"><span class='ocrx_word' id='word_1_125' title='bbox 493 3037 658 3098; x_wconf 87' lang='lat' dir='ltr'><strong>erat:</strong></span> <span class='ocrx_word' id='word_1_126' title='bbox 729 3038 788 3099; x_wconf 78' lang='lat' dir='ltr'><strong>ei</strong></span> <span class='ocrx_word' id='word_1_127' title='bbox 857 3034 1058 3114; x_wconf 81' lang='lat' dir='ltr'><strong>ipsam</strong></span> <span class='ocrx_word' id='word_1_128' title='bbox 1113 3033 1495 3099; x_wconf 80' lang='lat' dir='ltr'><strong>obdormisse.</strong></span> <span class='ocrx_word' id='word_1_129' title='bbox 1554 3034 1609 3097; x_wconf 86' lang='lat' dir='ltr'>E</span> <span class='ocrx_word' id='word_1_130' title='bbox 1663 3035 1937 3101; x_wconf 86' lang='lat' dir='ltr'><strong>lectione</strong></span> <span class='ocrx_word' id='word_1_131' title='bbox 1983 3054 2134 3120; x_wconf 87' lang='lat' dir='ltr'><strong>ergo</strong></span> <span class='ocrx_word' id='word_1_132' title='bbox 2182 3036 2443 3120; x_wconf 84' lang='lat' dir='ltr'><strong>vulgata</strong></span> <span class='ocrx_word' id='word_1_133' title='bbox 2489 3035 2739 3101; x_wconf 84' lang='lat' dir='ltr'><strong>efficere</strong></span> 
     </span>
     <span class='ocr_line' id='line_1_19' title="bbox 491 3160 2740 3246; baseline 0 -21"><span class='ocrx_word' id='word_1_134' title='bbox 491 3179 838 3245; x_wconf 89' lang='lat' dir='ltr'><strong>possumus</strong></span> <span class='ocrx_word' id='word_1_135' title='bbox 900 3161 1117 3225; x_wconf 87' lang='lat' dir='ltr'><strong>Atiam</strong></span> <span class='ocrx_word' id='word_1_136' title='bbox 1179 3162 1380 3225; x_wconf 87' lang='lat' dir='ltr'><strong>solam</strong></span> <span class='ocrx_word' id='word_1_137' title='bbox 1425 3160 1627 3227; x_wconf 88' lang='lat' dir='ltr'><strong>fuisse</strong></span> <span class='ocrx_word' id='word_1_138' title='bbox 1672 3162 1741 3225; x_wconf 90' lang='lat' dir='ltr'><strong>in</strong></span> <span class='ocrx_word' id='word_1_139' title='bbox 1789 3162 2041 3246; x_wconf 75' lang='lat' dir='ltr'><strong>templo,</strong></span> <span class='ocrx_word' id='word_1_140' title='bbox 2088 3160 2158 3229; x_wconf 91' lang='lat' dir='ltr'><strong>Si</strong></span> <span class='ocrx_word' id='word_1_141' title='bbox 2204 3162 2374 3226; x_wconf 91' lang='lat' dir='ltr'><strong>enim</strong></span> <span class='ocrx_word' id='word_1_142' title='bbox 2424 3166 2740 3227; x_wconf 86' lang='lat' dir='ltr'><strong>matrona·</strong></span> 
     </span>
     <span class='ocr_line' id='line_1_20' title="bbox 491 3279 2737 3371; baseline 0.001 -20"><span class='ocrx_word' id='word_1_143' title='bbox 491 3307 637 3351; x_wconf 88' lang='lat' dir='ltr'><strong>rum</strong></span> <span class='ocrx_word' id='word_1_144' title='bbox 710 3287 1056 3352; x_wconf 88' lang='lat' dir='ltr'><strong>multitudo</strong></span> <span class='ocrx_word' id='word_1_145' title='bbox 1125 3288 1196 3351; x_wconf 92' lang='lat' dir='ltr'><strong>in</strong></span> <span class='ocrx_word' id='word_1_146' title='bbox 1265 3288 1502 3371; x_wconf 87' lang='lat' dir='ltr'><strong>templo</strong></span> <span class='ocrx_word' id='word_1_147' title='bbox 1570 3279 1819 3371; x_wconf 82' lang='lat' dir='ltr'><strong>fuisset,</strong></span> <span class='ocrx_word' id='word_1_148' title='bbox 1887 3287 2060 3352; x_wconf 86' lang='lat' dir='ltr'><strong>haud</strong></span> <span class='ocrx_word' id='word_1_149' title='bbox 2131 3286 2325 3353; x_wconf 91' lang='lat' dir='ltr'><strong>dubie</strong></span> <span class='ocrx_word' id='word_1_150' title='bbox 2386 3288 2737 3353; x_wconf 85' lang='lat' dir='ltr'><strong>Suetonius</strong></span> 
     </span>
     <span class='ocr_line' id='line_1_21' title="bbox 493 3411 2739 3498; baseline 0 -20"><span class='ocrx_word' id='word_1_151' title='bbox 493 3414 851 3498; x_wconf 82' lang='lat' dir='ltr'><strong>scripsisset</strong></span> <span class='ocrx_word' id='word_1_152' title='bbox 911 3413 1136 3494; x_wconf 76' lang='lat' dir='ltr'><strong>positis</strong></span> <span class='ocrx_word' id='word_1_153' title='bbox 1178 3411 1422 3495; x_wconf 80' lang='lat' dir='ltr'><strong>lecticis,</strong></span> <span class='ocrx_word' id='word_1_154' title='bbox 1468 3433 1614 3478; x_wconf 88' lang='lat' dir='ltr'><strong>nam</strong></span> <span class='ocrx_word' id='word_1_155' title='bbox 1665 3414 1780 3477; x_wconf 82' lang='lat' dir='ltr'><strong>vix</strong></span> <span class='ocrx_word' id='word_1_156' title='bbox 1826 3412 2130 3479; x_wconf 88' lang='lat' dir='ltr'><strong>credibile</strong></span> <span class='ocrx_word' id='word_1_157' title='bbox 2175 3419 2273 3479; x_wconf 87' lang='lat' dir='ltr'><strong>est</strong></span> <span class='ocrx_word' id='word_1_158' title='bbox 2319 3414 2557 3479; x_wconf 86' lang='lat' dir='ltr'><strong>multas</strong></span> <span class='ocrx_word' id='word_1_159' title='bbox 2608 3434 2739 3478; x_wconf 87' lang='lat' dir='ltr'><strong>ma—</strong></span> 
     </span>
     <span class='ocr_line' id='line_1_22' title="bbox 491 3539 2737 3605; baseline 0 -1"><span class='ocrx_word' id='word_1_160' title='bbox 491 3545 709 3605; x_wconf 86' lang='lat' dir='ltr'><strong>tronas</strong></span> <span class='ocrx_word' id='word_1_161' title='bbox 755 3540 836 3604; x_wconf 87' lang='lat' dir='ltr'><strong>ad</strong></span> <span class='ocrx_word' id='word_1_162' title='bbox 883 3558 1134 3604; x_wconf 84' lang='lat' dir='ltr'><strong>sacrum</strong></span> <span class='ocrx_word' id='word_1_163' title='bbox 1185 3539 1494 3603; x_wconf 90' lang='lat' dir='ltr'><strong>sollemne</strong></span> <span class='ocrx_word' id='word_1_164' title='bbox 1541 3542 1922 3604; x_wconf 84' lang='lat' dir='ltr'><strong>convenisse</strong></span> <span class='ocrx_word' id='word_1_165' title='bbox 1968 3543 2031 3603; x_wconf 90' lang='lat' dir='ltr'><strong>et</strong></span> <span class='ocrx_word' id='word_1_166' title='bbox 2073 3540 2142 3603; x_wconf 88' lang='lat' dir='ltr'><strong>iu</strong></span> <span class='ocrx_word' id='word_1_167' title='bbox 2189 3540 2271 3604; x_wconf 92' lang='lat' dir='ltr'><strong>iis</strong></span> <span class='ocrx_word' id='word_1_168' title='bbox 2295 3539 2511 3604; x_wconf 88' lang='lat' dir='ltr'><strong>Atiam</strong></span> <span class='ocrx_word' id='word_1_169' title='bbox 2537 3539 2737 3604; x_wconf 87' lang='lat' dir='ltr'><strong>solam</strong></span> 
     </span>
     <span class='ocr_line' id='line_1_23' title="bbox 492 3664 2742 3748; baseline 0.001 -19"><span class='ocrx_word' id='word_1_170' title='bbox 492 3666 713 3731; x_wconf 87' lang='lat' dir='ltr'><strong>lectica</strong></span> <span class='ocrx_word' id='word_1_171' title='bbox 782 3666 973 3730; x_wconf 85' lang='lat' dir='ltr'><strong>latam</strong></span> <span class='ocrx_word' id='word_1_172' title='bbox 1048 3684 1204 3731; x_wconf 91' lang='lat' dir='ltr'><strong>esse.</strong></span> <span class='ocrx_word' id='word_1_173' title='bbox 1272 3664 1452 3730; x_wconf 90' lang='lat' dir='ltr'><strong>Nihil</strong></span> <span class='ocrx_word' id='word_1_174' title='bbox 1520 3670 1737 3731; x_wconf 85' lang='lat' dir='ltr'><strong>tamen</strong></span> <span class='ocrx_word' id='word_1_175' title='bbox 1792 3664 1886 3731; x_wconf 85' lang='lat' dir='ltr'><strong>&#39;de</strong></span> <span class='ocrx_word' id='word_1_176' title='bbox 1947 3668 2257 3731; x_wconf 87' lang='lat' dir='ltr'><strong>matronis</strong></span> <span class='ocrx_word' id='word_1_177' title='bbox 2301 3666 2432 3731; x_wconf 89' lang='lat' dir='ltr'><strong>illis</strong></span> <span class='ocrx_word' id='word_1_178' title='bbox 2476 3671 2742 3748; x_wconf 85' lang='lat' dir='ltr'><strong>constat,</strong></span> 
     </span>
     <span class='ocr_line' id='line_1_24' title="bbox 492 3792 2277 3877; baseline -0.001 -20"><span class='ocrx_word' id='word_1_179' title='bbox 492 3811 703 3876; x_wconf 89' lang='lat' dir='ltr'><strong>neque</strong></span> <span class='ocrx_word' id='word_1_180' title='bbox 749 3792 1102 3877; x_wconf 87' lang='lat' dir='ltr'><strong>quidquam</strong></span> <span class='ocrx_word' id='word_1_181' title='bbox 1149 3793 1428 3877; x_wconf 87' lang='lat' dir='ltr'><strong>amplius</strong></span> <span class='ocrx_word' id='word_1_182' title='bbox 1476 3793 1554 3858; x_wconf 92' lang='lat' dir='ltr'><strong>de</strong></span> <span class='ocrx_word' id='word_1_183' title='bbox 1598 3793 1680 3858; x_wconf 91' lang='lat' dir='ltr'><strong>iis</strong></span> <span class='ocrx_word' id='word_1_184' title='bbox 1726 3796 1943 3857; x_wconf 87' lang='lat' dir='ltr'><strong>narrat</strong></span> <span class='ocrx_word' id='word_1_185' title='bbox 1988 3794 2277 3877; x_wconf 86' lang='lat' dir='ltr'><strong>scriptor.</strong></span> 
     </span>
    </p>

    <p class='ocr_par' dir='ltr' id='par_1_9' title="bbox 491 3917 2741 4507">
     <span class='ocr_line' id='line_1_25' title="bbox 583 3917 2741 4003; baseline -0 -19"><span class='ocrx_word' id='word_1_186' title='bbox 583 3917 713 3984; x_wconf 84' lang='lat' dir='ltr'><strong>Gur</strong></span> <span class='ocrx_word' id='word_1_187' title='bbox 771 3938 921 4003; x_wconf 87' lang='lat' dir='ltr'><strong>ergo</strong></span> <span class='ocrx_word' id='word_1_188' title='bbox 981 3919 1190 3984; x_wconf 86' lang='lat' dir='ltr'><strong>media</strong></span> <span class='ocrx_word' id='word_1_189' title='bbox 1242 3924 1430 3983; x_wconf 86' lang='lat' dir='ltr'><strong>nocte</strong></span> <span class='ocrx_word' id='word_1_190' title='bbox 1478 3920 1547 3982; x_wconf 91' lang='lat' dir='ltr'><strong>in</strong></span> <span class='ocrx_word' id='word_1_191' title='bbox 1595 3919 1907 4003; x_wconf 87' lang='lat' dir='ltr'><strong>templum</strong></span> <span class='ocrx_word' id='word_1_192' title='bbox 1957 3919 2130 3983; x_wconf 84' lang='lat' dir='ltr'><strong>venit</strong></span> <span class='ocrx_word' id='word_1_193' title='bbox 2175 3918 2375 3982; x_wconf 82' lang='lat' dir='ltr'><strong>Atia?</strong></span> <span class='ocrx_word' id='word_1_194' title='bbox 2423 3918 2530 3983; x_wconf 86' lang='lat' dir='ltr'><strong>Sic</strong></span> <span class='ocrx_word' id='word_1_195' title='bbox 2576 3918 2741 3983; x_wconf 87' lang='lat' dir='ltr'><strong>hanc</strong></span> 
     </span>
     <span class='ocr_line' id='line_1_26' title="bbox 491 4018 2739 4130; baseline -0.001 -19"><span class='ocrx_word' id='word_1_196' title='bbox 491 4066 624 4112; x_wconf 90' lang='lat' dir='ltr'><strong>rem</strong></span> <span class='ocrx_word' id='word_1_197' title='bbox 689 4047 846 4112; x_wconf 92' lang='lat' dir='ltr'><strong>mihi</strong></span> <span class='ocrx_word' id='word_1_198' title='bbox 896 4046 1103 4130; x_wconf 87' lang='lat' dir='ltr'><strong>fingo:</strong></span> <span class='ocrx_word' id='word_1_199' title='bbox 1152 4047 1349 4111; x_wconf 89' lang='lat' dir='ltr'><strong>Venit</strong></span> <span class='ocrx_word' id='word_1_200' title='bbox 1393 4046 1544 4111; x_wconf 89' lang='lat' dir='ltr'><strong>Atia</strong></span> <span class='ocrx_word' id='word_1_201' title='bbox 1590 4065 1740 4112; x_wconf 85' lang='lat' dir='ltr'><strong>cum</strong></span> <span class='ocrx_word' id='word_1_202' title='bbox 1788 4018 2018 4130; x_wconf 84' lang='lat' dir='ltr'><strong>magna</strong></span> <span class='ocrx_word' id='word_1_203' title='bbox 2064 4049 2500 4109; x_wconf 82' lang='lat' dir='ltr'><strong>matronarum</strong></span> <span class='ocrx_word' id='word_1_204' title='bbox 2548 4043 2739 4109; x_wconf 87' lang='lat' dir='ltr'><strong>turba</strong></span> 
     </span>
     <span class='ocr_line' id='line_1_27' title="bbox 493 4168 2740 4255; baseline -0.002 -18"><span class='ocrx_word' id='word_1_205' title='bbox 493 4191 818 4237; x_wconf 86' lang='lat' dir='ltr'><strong>sacrorum</strong></span> <span class='ocrx_word' id='word_1_206' title='bbox 887 4169 1291 4255; x_wconf 91' lang='lat' dir='ltr'><strong>publicorum</strong></span> <span class='ocrx_word' id='word_1_207' title='bbox 1360 4191 1573 4254; x_wconf 85' lang='lat' dir='ltr'><strong>causa,</strong></span> <span class='ocrx_word' id='word_1_208' title='bbox 1642 4170 1819 4255; x_wconf 89' lang='lat' dir='ltr'><strong>quod</strong></span> <span class='ocrx_word' id='word_1_209' title='bbox 1886 4170 2211 4236; x_wconf 86' lang='lat' dir='ltr'><strong>interdum</strong></span> <span class='ocrx_word' id='word_1_210' title='bbox 2278 4168 2418 4234; x_wconf 88' lang='lat' dir='ltr'><strong>fieri</strong></span> <span class='ocrx_word' id='word_1_211' title='bbox 2482 4169 2740 4253; x_wconf 87' lang='lat' dir='ltr'><strong>solebat,</strong></span> 
     </span>
     <span class='ocr_line' id='line_1_28' title="bbox 497 4295 2741 4384; baseline -0.001 -21"><span class='ocrx_word' id='word_1_212' title='bbox 497 4298 798 4384; x_wconf 91' lang='lat' dir='ltr'><strong>quodque</strong></span> <span class='ocrx_word' id='word_1_213' title='bbox 858 4300 1048 4363; x_wconf 85' lang='lat' dir='ltr'><strong>etiam</strong></span> <span class='ocrx_word' id='word_1_214' title='bbox 1110 4303 1371 4383; x_wconf 84' lang='lat' dir='ltr'><strong>apparet</strong></span> <span class='ocrx_word' id='word_1_215' title='bbox 1431 4318 1466 4363; x_wconf 94' lang='lat' dir='ltr'><strong>e</strong></span> <span class='ocrx_word' id='word_1_216' title='bbox 1525 4300 1730 4383; x_wconf 85' lang='lat' dir='ltr'><strong>capite</strong></span> <span class='ocrx_word' id='word_1_217' title='bbox 1792 4296 1894 4361; x_wconf 88' lang='lat'><strong>86.</strong></span> <span class='ocrx_word' id='word_1_218' title='bbox 1958 4295 2057 4362; x_wconf 88' lang='lat' dir='ltr'><strong>De</strong></span> <span class='ocrx_word' id='word_1_219' title='bbox 2101 4297 2233 4361; x_wconf 88' lang='lat' dir='ltr'><strong>illis</strong></span> <span class='ocrx_word' id='word_1_220' title='bbox 2280 4301 2492 4361; x_wconf 87' lang='lat' dir='ltr'><strong>autem</strong></span> <span class='ocrx_word' id='word_1_221' title='bbox 2542 4298 2741 4362; x_wconf 88' lang='lat' dir='ltr'><strong>sacris</strong></span> 
     </span>
     <span class='ocr_line' id='line_1_29' title="bbox 493 4422 2740 4507; baseline -0 -20"><span class='ocrx_word' id='word_1_222' title='bbox 493 4428 659 4489; x_wconf 89' lang='lat' dir='ltr'><strong>tacet</strong></span> <span class='ocrx_word' id='word_1_223' title='bbox 707 4422 1072 4507; x_wconf 86' lang='lat' dir='ltr'><strong>Suetonius,</strong></span> <span class='ocrx_word' id='word_1_224' title='bbox 1117 4442 1247 4489; x_wconf 91' lang='lat' dir='ltr'><strong>non</strong></span> <span class='ocrx_word' id='word_1_225' title='bbox 1296 4423 1451 4488; x_wconf 84' lang='lat' dir='ltr'><strong>haec</strong></span> <span class='ocrx_word' id='word_1_226' title='bbox 1497 4444 1676 4489; x_wconf 85' lang='lat' dir='ltr'><strong>sacra</strong></span> <span class='ocrx_word' id='word_1_227' title='bbox 1722 4424 1883 4507; x_wconf 85' lang='lat' dir='ltr'><strong>vult,</strong></span> <span class='ocrx_word' id='word_1_228' title='bbox 1928 4442 2076 4488; x_wconf 88' lang='lat' dir='ltr'><strong>cum</strong></span> <span class='ocrx_word' id='word_1_229' title='bbox 2127 4423 2326 4487; x_wconf 87' lang='lat' dir='ltr'><strong>dicat:</strong></span> <span class='ocrx_word' id='word_1_230' title='bbox 2369 4422 2457 4487; x_wconf 80' lang='lat' dir='ltr'><strong>ad</strong></span> <span class='ocrx_word' id='word_1_231' title='bbox 2490 4441 2740 4487; x_wconf 82' lang='lat' dir='ltr'><strong>sacrum</strong></span> 
     </span>
    </p>
   </div>
  </div>
 </body>
</html>
