<?xml version="1.0" encoding="UTF-8"?>
<!DOCTYPE html PUBLIC "-//W3C//DTD XHTML 1.0 Transitional//EN"
    "http://www.w3.org/TR/xhtml1/DTD/xhtml1-transitional.dtd">
<html xmlns="http://www.w3.org/1999/xhtml" xml:lang="en" lang="en">
 <head>
  <title>
</title>
<meta http-equiv="Content-Type" content="text/html;charset=utf-8" />
  <meta name='ocr-system' content='tesseract 3.04.00' />
  <meta name='ocr-capabilities' content='ocr_page ocr_carea ocr_par ocr_line ocrx_word'/>
</head>
<body>
  <div class='ocr_page' id='page_1' title='image "./spicilegiumcrit00boekgoog_0056.png"; bbox 0 0 3509 5509; ppageno 0'>
   <div class='ocr_carea' id='block_1_1' title="bbox 1818 679 1905 738">
    <p class='ocr_par' dir='ltr' id='par_1_1' title="bbox 1818 679 1905 738">
     <span class='ocr_line' id='line_1_1' title="bbox 1818 679 1905 738; baseline 0 0"><span class='ocrx_word' id='word_1_1' title='bbox 1818 679 1905 738; x_wconf 88' lang='lat'>44</span> 
     </span>
    </p>
   </div>
   <div class='ocr_carea' id='block_1_2' title="bbox 729 887 2985 3114">
    <p class='ocr_par' dir='ltr' id='par_1_2' title="bbox 730 887 2981 1097">
     <span class='ocr_line' id='line_1_2' title="bbox 731 887 2981 974; baseline 0.002 -24"><span class='ocrx_word' id='word_1_2' title='bbox 731 887 991 953; x_wconf 89' lang='lat' dir='ltr'>infimae</span> <span class='ocrx_word' id='word_1_3' title='bbox 1036 889 1418 952; x_wconf 90' lang='lat' dir='ltr'>conditionis</span> <span class='ocrx_word' id='word_1_4' title='bbox 1463 889 1753 973; x_wconf 90' lang='lat' dir='ltr'>feminas,</span> <span class='ocrx_word' id='word_1_5' title='bbox 1800 892 1911 955; x_wconf 93' lang='lat' dir='ltr'>sed</span> <span class='ocrx_word' id='word_1_6' title='bbox 1958 891 2136 974; x_wconf 81' lang='lat' dir='ltr'>taleS,</span> <span class='ocrx_word' id='word_1_7' title='bbox 2188 910 2351 974; x_wconf 90' lang='lat' dir='ltr'>quae</span> <span class='ocrx_word' id='word_1_8' title='bbox 2398 892 2686 974; x_wconf 86' lang='lat' dir='ltr'>cognatis</span> <span class='ocrx_word' id='word_1_9' title='bbox 2732 891 2981 954; x_wconf 89' lang='lat' dir='ltr'>amicis-</span> 
     </span>
     <span class='ocr_line' id='line_1_3' title="bbox 730 1013 1644 1097; baseline 0.005 -21"><span class='ocrx_word' id='word_1_10' title='bbox 730 1032 858 1097; x_wconf 90' lang='lat' dir='ltr'>que</span> <span class='ocrx_word' id='word_1_11' title='bbox 903 1014 1079 1078; x_wconf 88' lang='lat' dir='ltr'>cordi</span> <span class='ocrx_word' id='word_1_12' title='bbox 1125 1032 1266 1079; x_wconf 90' lang='lat' dir='ltr'>esse</span> <span class='ocrx_word' id='word_1_13' title='bbox 1313 1013 1644 1081; x_wconf 83' lang='lat' dir='ltr'>debebant.</span> 
     </span>
    </p>

    <p class='ocr_par' dir='ltr' id='par_1_3' title="bbox 729 1138 2985 3114">
     <span class='ocr_line' id='line_1_4' title="bbox 819 1138 2981 1228; baseline 0.001 -24"><span class='ocrx_word' id='word_1_14' title='bbox 819 1138 1124 1224; x_wconf 83' lang='lat' dir='ltr'><strong>Legimus</strong></span> <span class='ocrx_word' id='word_1_15' title='bbox 1171 1141 1342 1205; x_wconf 92' lang='lat' dir='ltr'>enim</span> <span class='ocrx_word' id='word_1_16' title='bbox 1390 1143 1560 1226; x_wconf 89' lang='lat' dir='ltr'>apud</span> <span class='ocrx_word' id='word_1_17' title='bbox 1605 1142 1895 1207; x_wconf 82' lang='lat' dir='ltr'>Tacitum</span> <span class='ocrx_word' id='word_1_18' title='bbox 1936 1142 2322 1225; x_wconf 81' lang='lat' dir='ltr'><strong>(Germania,</strong></span> <span class='ocrx_word' id='word_1_19' title='bbox 2348 1162 2483 1227; x_wconf 90' lang='lat' dir='ltr'>cap.</span> <span class='ocrx_word' id='word_1_20' title='bbox 2534 1145 2630 1223; x_wconf 91' lang='grc'>8).</span> <span class='ocrx_word' id='word_1_21' title='bbox 2665 1141 2981 1228; x_wconf 83' lang='lat' dir='ltr'>„Captivi-</span> 
     </span>
     <span class='ocr_line' id='line_1_5' title="bbox 731 1265 2981 1366; baseline 0.003 -39"><span class='ocrx_word' id='word_1_22' title='bbox 731 1267 969 1343; x_wconf 87' lang='lat' dir='ltr'>tate(m)</span> <span class='ocrx_word' id='word_1_23' title='bbox 1010 1265 1198 1348; x_wconf 86' lang='lat' dir='ltr'>longe</span> <span class='ocrx_word' id='word_1_24' title='bbox 1236 1267 1674 1349; x_wconf 90' lang='lat' dir='ltr'>impatientius</span> <span class='ocrx_word' id='word_1_25' title='bbox 1712 1267 2098 1333; x_wconf 89' lang='lat' dir='ltr'>feminarum</span> <span class='ocrx_word' id='word_1_26' title='bbox 2141 1288 2406 1366; x_wconf 84' lang='lat' dir='ltr'>suarum</span> <span class='ocrx_word' id='word_1_27' title='bbox 2433 1271 2694 1333; x_wconf 88' lang='lat' dir='ltr'>nomine</span> <span class='ocrx_word' id='word_1_28' title='bbox 2718 1270 2981 1350; x_wconf 70' lang='lat' dir='ltr'>timent,</span> 
     </span>
     <span class='ocr_line' id='line_1_6' title="bbox 731 1361 2985 1478; baseline 0.003 -26"><span class='ocrx_word' id='word_1_29' title='bbox 731 1390 888 1453; x_wconf 89' lang='lat' dir='ltr'>adeo</span> <span class='ocrx_word' id='word_1_30' title='bbox 952 1395 1024 1454; x_wconf 90' lang='lat' dir='ltr'>ut</span> <span class='ocrx_word' id='word_1_31' title='bbox 1086 1390 1408 1456; x_wconf 86' lang='lat' dir='ltr'>efficacius</span> <span class='ocrx_word' id='word_1_32' title='bbox 1472 1391 1836 1477; x_wconf 79' lang='lat' dir='ltr'>obligentur</span> <span class='ocrx_word' id='word_1_33' title='bbox 1888 1395 2087 1458; x_wconf 90' lang='lat' dir='ltr'>animi</span> <span class='ocrx_word' id='word_1_34' title='bbox 2132 1361 2485 1477; x_wconf 86' lang='lat' dir='ltr'>civitatum,</span> <span class='ocrx_word' id='word_1_35' title='bbox 2531 1394 2771 1478; x_wconf 89' lang='lat' dir='ltr'>quibus</span> <span class='ocrx_word' id='word_1_36' title='bbox 2817 1396 2985 1460; x_wconf 90' lang='lat' dir='ltr'>inter</span> 
     </span>
     <span class='ocr_line' id='line_1_7' title="bbox 731 1514 2983 1604; baseline 0.004 -26"><span class='ocrx_word' id='word_1_37' title='bbox 731 1514 985 1580; x_wconf 88' lang='lat' dir='ltr'>obsides</span> <span class='ocrx_word' id='word_1_38' title='bbox 1055 1517 1304 1599; x_wconf 90' lang='lat' dir='ltr'>puellae</span> <span class='ocrx_word' id='word_1_39' title='bbox 1375 1538 1636 1602; x_wconf 88' lang='lat' dir='ltr'>quoque</span> <span class='ocrx_word' id='word_1_40' title='bbox 1703 1519 1951 1584; x_wconf 89' lang='lat' dir='ltr'>nobiles</span> <span class='ocrx_word' id='word_1_41' title='bbox 2016 1520 2477 1604; x_wconf 56' lang='lat' dir='ltr'>imperanturl’</span> <span class='ocrx_word' id='word_1_42' title='bbox 2525 1521 2593 1586; x_wconf 87' lang='lat' dir='ltr'>Si</span> <span class='ocrx_word' id='word_1_43' title='bbox 2640 1527 2854 1586; x_wconf 84' lang='lat' dir='ltr'>autem</span> <span class='ocrx_word' id='word_1_44' title='bbox 2902 1523 2983 1586; x_wconf 90' lang='lat' dir='ltr'>iis</span> 
     </span>
     <span class='ocr_line' id='line_1_8' title="bbox 729 1641 2982 1732; baseline 0.004 -30"><span class='ocrx_word' id='word_1_45' title='bbox 729 1643 1009 1722; x_wconf 87' lang='lat' dir='ltr'>potestas</span> <span class='ocrx_word' id='word_1_46' title='bbox 1080 1641 1159 1705; x_wconf 90' lang='lat' dir='ltr'>ab</span> <span class='ocrx_word' id='word_1_47' title='bbox 1228 1643 1528 1726; x_wconf 86' lang='lat' dir='ltr'>Augusto</span> <span class='ocrx_word' id='word_1_48' title='bbox 1596 1644 1762 1709; x_wconf 87' lang='lat' dir='ltr'>facta</span> <span class='ocrx_word' id='word_1_49' title='bbox 1832 1651 1946 1728; x_wconf 89' lang='lat' dir='ltr'>est,</span> <span class='ocrx_word' id='word_1_50' title='bbox 2017 1648 2269 1730; x_wconf 88' lang='lat' dir='ltr'>quoties</span> <span class='ocrx_word' id='word_1_51' title='bbox 2339 1647 2577 1712; x_wconf 85' lang='lat' dir='ltr'>vellent</span> <span class='ocrx_word' id='word_1_52' title='bbox 2635 1649 2982 1732; x_wconf 88' lang='lat' dir='ltr'>recipiendi</span> 
     </span>
     <span class='ocr_line' id='line_1_9' title="bbox 731 1766 2983 1853; baseline 0.004 -25"><span class='ocrx_word' id='word_1_53' title='bbox 731 1766 978 1849; x_wconf 91' lang='lat' dir='ltr'>puellas</span> <span class='ocrx_word' id='word_1_54' title='bbox 1047 1767 1209 1850; x_wconf 91' lang='lat' dir='ltr'>illas,</span> <span class='ocrx_word' id='word_1_55' title='bbox 1280 1769 1543 1833; x_wconf 90' lang='lat' dir='ltr'>minime</span> <span class='ocrx_word' id='word_1_56' title='bbox 1605 1790 1767 1853; x_wconf 91' lang='lat' dir='ltr'>opus</span> <span class='ocrx_word' id='word_1_57' title='bbox 1812 1771 1893 1835; x_wconf 90' lang='lat' dir='ltr'>iis</span> <span class='ocrx_word' id='word_1_58' title='bbox 1941 1778 2078 1836; x_wconf 89' lang='lat' dir='ltr'>erat</span> <span class='ocrx_word' id='word_1_59' title='bbox 2122 1774 2361 1836; x_wconf 88' lang='lat' dir='ltr'>timere.</span> <span class='ocrx_word' id='word_1_60' title='bbox 2411 1773 2623 1838; x_wconf 86' lang='lat' dir='ltr'>Etiam</span> <span class='ocrx_word' id='word_1_61' title='bbox 2671 1772 2983 1839; x_wconf 84' lang='lat' dir='ltr'>vocabula</span> 
     </span>
     <span class='ocr_line' id='line_1_10' title="bbox 729 1892 2983 1983; baseline 0.004 -28"><span class='ocrx_word' id='word_1_62' title='bbox 729 1892 967 1976; x_wconf 78' lang='lat' dir='ltr'>quoties</span> <span class='ocrx_word' id='word_1_63' title='bbox 1009 1892 1233 1958; x_wconf 84' lang='lat' dir='ltr'>vellent</span> <span class='ocrx_word' id='word_1_64' title='bbox 1278 1897 1494 1979; x_wconf 88' lang='lat' dir='ltr'>potius</span> <span class='ocrx_word' id='word_1_65' title='bbox 1541 1898 1994 1981; x_wconf 87' lang='lat' dir='ltr'>coniungenda</span> <span class='ocrx_word' id='word_1_66' title='bbox 2040 1903 2192 1963; x_wconf 87' lang='lat' dir='ltr'>sunt</span> <span class='ocrx_word' id='word_1_67' title='bbox 2237 1918 2385 1962; x_wconf 90' lang='lat' dir='ltr'>cum</span> <span class='ocrx_word' id='word_1_68' title='bbox 2432 1897 2763 1976; x_wconf 83' lang='lat' dir='ltr'>revisendi,</span> <span class='ocrx_word' id='word_1_69' title='bbox 2788 1920 2983 1983; x_wconf 90' lang='lat' dir='ltr'>quam</span> 
     </span>
     <span class='ocr_line' id='line_1_11' title="bbox 731 2020 2984 2108; baseline 0.004 -26"><span class='ocrx_word' id='word_1_70' title='bbox 731 2039 878 2083; x_wconf 92' lang='lat' dir='ltr'>cum</span> <span class='ocrx_word' id='word_1_71' title='bbox 939 2020 1296 2104; x_wconf 79' lang='lat' dir='ltr'>recipiendi,</span> <span class='ocrx_word' id='word_1_72' title='bbox 1357 2042 1508 2086; x_wconf 89' lang='lat' dir='ltr'>nam</span> <span class='ocrx_word' id='word_1_73' title='bbox 1565 2042 1648 2087; x_wconf 85' lang='lat' dir='ltr'>ex</span> <span class='ocrx_word' id='word_1_74' title='bbox 1692 2024 1775 2088; x_wconf 91' lang='lat' dir='ltr'>iis</span> <span class='ocrx_word' id='word_1_75' title='bbox 1827 2024 2119 2088; x_wconf 87' lang='lat' dir='ltr'>videmus</span> <span class='ocrx_word' id='word_1_76' title='bbox 2165 2025 2538 2108; x_wconf 86' lang='lat' dir='ltr'>Augustum</span> <span class='ocrx_word' id='word_1_77' title='bbox 2585 2025 2984 2091; x_wconf 79' lang='lat' dir='ltr'>intellexisse</span> 
     </span>
     <span class='ocr_line' id='line_1_12' title="bbox 732 2145 2982 2235; baseline 0.003 -26"><span class='ocrx_word' id='word_1_78' title='bbox 732 2145 798 2209; x_wconf 95' lang='lat' dir='ltr'>id</span> <span class='ocrx_word' id='word_1_79' title='bbox 865 2165 1053 2230; x_wconf 88' lang='lat' dir='ltr'>saepe</span> <span class='ocrx_word' id='word_1_80' title='bbox 1120 2147 1261 2212; x_wconf 88' lang='lat' dir='ltr'>fieri</span> <span class='ocrx_word' id='word_1_81' title='bbox 1306 2168 1510 2232; x_wconf 90' lang='lat' dir='ltr'>posse,</span> <span class='ocrx_word' id='word_1_82' title='bbox 1558 2150 1731 2233; x_wconf 89' lang='lat' dir='ltr'>quod</span> <span class='ocrx_word' id='word_1_83' title='bbox 1782 2148 1910 2214; x_wconf 90' lang='lat' dir='ltr'>dici</span> <span class='ocrx_word' id='word_1_84' title='bbox 1956 2169 2083 2214; x_wconf 89' lang='lat' dir='ltr'>non</span> <span class='ocrx_word' id='word_1_85' title='bbox 2133 2156 2341 2235; x_wconf 89' lang='lat' dir='ltr'>potest</span> <span class='ocrx_word' id='word_1_86' title='bbox 2386 2151 2464 2214; x_wconf 91' lang='lat' dir='ltr'>de</span> <span class='ocrx_word' id='word_1_87' title='bbox 2510 2149 2841 2216; x_wconf 90' lang='lat' dir='ltr'>obsidibus</span> <span class='ocrx_word' id='word_1_88' title='bbox 2886 2171 2982 2216; x_wconf 89' lang='lat' dir='ltr'>re-</span> 
     </span>
     <span class='ocr_line' id='line_1_13' title="bbox 732 2273 2984 2361; baseline 0.003 -26"><span class='ocrx_word' id='word_1_89' title='bbox 732 2274 1131 2357; x_wconf 88' lang='lat' dir='ltr'>cuperandis.</span> <span class='ocrx_word' id='word_1_90' title='bbox 1201 2273 1517 2358; x_wconf 88' lang='lat' dir='ltr'>Denique,</span> <span class='ocrx_word' id='word_1_91' title='bbox 1584 2274 1853 2340; x_wconf 88' lang='lat' dir='ltr'>verbum</span> <span class='ocrx_word' id='word_1_92' title='bbox 1920 2276 2232 2340; x_wconf 75' lang='lat' dir='ltr'>revisendi</span> <span class='ocrx_word' id='word_1_93' title='bbox 2276 2278 2344 2339; x_wconf 89' lang='lat' dir='ltr'>in</span> <span class='ocrx_word' id='word_1_94' title='bbox 2396 2296 2521 2341; x_wconf 90' lang='lat' dir='ltr'>usu</span> <span class='ocrx_word' id='word_1_95' title='bbox 2563 2275 2766 2341; x_wconf 87' lang='lat' dir='ltr'>fuisse</span> <span class='ocrx_word' id='word_1_96' title='bbox 2812 2277 2984 2361; x_wconf 90' lang='lat' dir='ltr'>apud</span> 
     </span>
     <span class='ocr_line' id='line_1_14' title="bbox 733 2400 2981 2489; baseline 0.001 -27"><span class='ocrx_word' id='word_1_97' title='bbox 733 2404 1055 2463; x_wconf 82' lang='lat' dir='ltr'>auctorem</span> <span class='ocrx_word' id='word_1_98' title='bbox 1106 2405 1418 2481; x_wconf 89' lang='lat' dir='ltr'>nostrum,</span> <span class='ocrx_word' id='word_1_99' title='bbox 1467 2405 1783 2489; x_wconf 78' lang='lat' dir='ltr'>testantur</span> <span class='ocrx_word' id='word_1_100' title='bbox 1828 2401 2045 2485; x_wconf 90' lang='lat' dir='ltr'>plures</span> <span class='ocrx_word' id='word_1_101' title='bbox 2090 2402 2234 2484; x_wconf 82' lang='lat' dir='ltr'>loci,</span> <span class='ocrx_word' id='word_1_102' title='bbox 2280 2421 2315 2466; x_wconf 94' lang='lat' dir='ltr'>e</span> <span class='ocrx_word' id='word_1_103' title='bbox 2362 2400 2603 2485; x_wconf 89' lang='lat' dir='ltr'>quibus</span> <span class='ocrx_word' id='word_1_104' title='bbox 2650 2402 2807 2465; x_wconf 86' lang='lat' dir='ltr'>cito:</span> <span class='ocrx_word' id='word_1_105' title='bbox 2848 2400 2981 2464; x_wconf 82' lang='lat' dir='ltr'>Tib.</span> 
     </span>
     <span class='ocr_line' id='line_1_15' title="bbox 734 2525 2982 2609; baseline 0.001 -22"><span class='ocrx_word' id='word_1_106' title='bbox 734 2543 785 2587; x_wconf 91' lang='lat' dir='ltr'>c.</span> <span class='ocrx_word' id='word_1_107' title='bbox 861 2525 972 2587; x_wconf 91' lang='lat' dir='ltr'>ll:</span> <span class='ocrx_word' id='word_1_108' title='bbox 1056 2527 1252 2608; x_wconf 88' lang='lat' dir='ltr'>„petit</span> <span class='ocrx_word' id='word_1_109' title='bbox 1314 2531 1385 2589; x_wconf 89' lang='lat' dir='ltr'>ut</span> <span class='ocrx_word' id='word_1_110' title='bbox 1445 2526 1568 2590; x_wconf 87' lang='lat' dir='ltr'>sibi</span> <span class='ocrx_word' id='word_1_111' title='bbox 1622 2528 2095 2609; x_wconf 87' lang='lat' dir='ltr'>permitteretur</span> <span class='ocrx_word' id='word_1_112' title='bbox 2132 2529 2412 2592; x_wconf 88' lang='lat' dir='ltr'>revisere</span> <span class='ocrx_word' id='word_1_113' title='bbox 2457 2527 2982 2608; x_wconf 88' lang='lat' dir='ltr'>necessitudines,</span> 
     </span>
     <span class='ocr_line' id='line_1_16' title="bbox 737 2650 2980 2736; baseline 0.002 -24"><span class='ocrx_word' id='word_1_114' title='bbox 737 2669 1010 2733; x_wconf 86' lang='lat' dir='ltr'>quarum</span> <span class='ocrx_word' id='word_1_115' title='bbox 1082 2650 1395 2715; x_wconf 90' lang='lat' dir='ltr'>desiderio</span> <span class='ocrx_word' id='word_1_116' title='bbox 1464 2651 1865 2733; x_wconf 86' lang='lat' dir='ltr'>teneretur’&#39;;</span> <span class='ocrx_word' id='word_1_117' title='bbox 1941 2651 2161 2736; x_wconf 80' lang='lat' dir='ltr'>Galba,</span> <span class='ocrx_word' id='word_1_118' title='bbox 2224 2673 2361 2736; x_wconf 88' lang='lat' dir='ltr'>cap.</span> <span class='ocrx_word' id='word_1_119' title='bbox 2421 2653 2493 2716; x_wconf 88' lang='lat'>1:</span> <span class='ocrx_word' id='word_1_120' title='bbox 2548 2651 2805 2733; x_wconf 86' lang='lat' dir='ltr'>„Liviae</span> <span class='ocrx_word' id='word_1_121' title='bbox 2832 2701 2847 2717; x_wconf 92' lang='lat'><strong><em>.</em></strong></span> <span class='ocrx_word' id='word_1_122' title='bbox 2877 2700 2891 2716; x_wconf 90' lang='lat'><strong>.</strong></span> <span class='ocrx_word' id='word_1_123' title='bbox 2922 2697 2935 2713; x_wconf 92' lang='lat'><strong>.</strong></span> <span class='ocrx_word' id='word_1_124' title='bbox 2966 2699 2980 2716; x_wconf 92' lang='lat'><strong><em>.</em></strong></span> 
     </span>
     <span class='ocr_line' id='line_1_17' title="bbox 738 2777 2985 2863; baseline 0.001 -24"><span class='ocrx_word' id='word_1_125' title='bbox 738 2777 1167 2841; x_wconf 87' lang='lat' dir='ltr'>Veientanum</span> <span class='ocrx_word' id='word_1_126' title='bbox 1233 2797 1425 2843; x_wconf 89' lang='lat' dir='ltr'>suum</span> <span class='ocrx_word' id='word_1_127' title='bbox 1488 2780 1794 2844; x_wconf 88' lang='lat' dir='ltr'>revisenti</span> <span class='ocrx_word' id='word_1_128' title='bbox 1820 2829 1833 2843; x_wconf 94' lang='lat'><strong><em>.</em></strong></span> <span class='ocrx_word' id='word_1_129' title='bbox 1859 2829 1873 2843; x_wconf 92' lang='lat'><strong><em>.</em></strong></span> <span class='ocrx_word' id='word_1_130' title='bbox 1901 2827 1915 2843; x_wconf 90' lang='lat'><strong>.</strong></span> <span class='ocrx_word' id='word_1_131' title='bbox 1942 2828 1956 2844; x_wconf 90' lang='lat'><strong>.</strong></span> <span class='ocrx_word' id='word_1_132' title='bbox 2002 2780 2218 2863; x_wconf 89' lang='lat' dir='ltr'>aquila</span> <span class='ocrx_word' id='word_1_133' title='bbox 2262 2780 2566 2863; x_wconf 83' lang='lat' dir='ltr'>gallinam</span> <span class='ocrx_word' id='word_1_134' title='bbox 2614 2778 2822 2843; x_wconf 89' lang='lat' dir='ltr'>albam</span> <span class='ocrx_word' id='word_1_135' title='bbox 2849 2828 2863 2842; x_wconf 90' lang='lat'><strong>.</strong></span> <span class='ocrx_word' id='word_1_136' title='bbox 2889 2827 2902 2841; x_wconf 92' lang='lat'><strong>.</strong></span> <span class='ocrx_word' id='word_1_137' title='bbox 2928 2827 2941 2841; x_wconf 92' lang='lat'>.</span> <span class='ocrx_word' id='word_1_138' title='bbox 2971 2825 2985 2841; x_wconf 90' lang='lat'><strong>.</strong></span> 
     </span>
     <span class='ocr_line' id='line_1_18' title="bbox 737 2903 2982 2990; baseline 0.001 -24"><span class='ocrx_word' id='word_1_139' title='bbox 737 2903 993 2967; x_wconf 91' lang='lat' dir='ltr'>demisit</span> <span class='ocrx_word' id='word_1_140' title='bbox 1060 2904 1127 2966; x_wconf 92' lang='lat' dir='ltr'>in</span> <span class='ocrx_word' id='word_1_141' title='bbox 1197 2906 1510 2988; x_wconf 89' lang='lat' dir='ltr'>gremium</span> <span class='ocrx_word' id='word_1_142' title='bbox 1583 2924 1634 2970; x_wconf 91' lang='lat' dir='ltr'>e.</span> <span class='ocrx_word' id='word_1_143' title='bbox 1677 2926 1734 2989; x_wconf 91' lang='lat' dir='ltr'>q.</span> <span class='ocrx_word' id='word_1_144' title='bbox 1784 2904 1879 2971; x_wconf 82' lang='lat' dir='ltr'>S.&#39;’</span> <span class='ocrx_word' id='word_1_145' title='bbox 1948 2911 2063 2971; x_wconf 85' lang='lat' dir='ltr'>eto.</span> <span class='ocrx_word' id='word_1_146' title='bbox 2126 2904 2326 2970; x_wconf 83' lang='lat' dir='ltr'>Credo</span> <span class='ocrx_word' id='word_1_147' title='bbox 2390 2925 2539 2990; x_wconf 88' lang='lat' dir='ltr'>ergo</span> <span class='ocrx_word' id='word_1_148' title='bbox 2600 2905 2982 2970; x_wconf 83' lang='lat' dir='ltr'>Suetonium</span> 
     </span>
     <span class='ocr_line' id='line_1_19' title="bbox 736 3030 1441 3114; baseline 0 -21"><span class='ocrx_word' id='word_1_149' title='bbox 736 3030 1070 3114; x_wconf 87' lang='lat' dir='ltr'>scripsisse</span> <span class='ocrx_word' id='word_1_150' title='bbox 1113 3030 1441 3095; x_wconf 78' lang='lat' dir='ltr'>revisendi.</span> 
     </span>
    </p>
   </div>
   <div class='ocr_carea' id='block_1_3' title="bbox 1095 3289 2985 3749">
    <p class='ocr_par' dir='ltr' id='par_1_4' title="bbox 1095 3289 2985 3749">
     <span class='ocr_line' id='line_1_20' title="bbox 1095 3289 2983 3375; baseline 0 -20"><span class='ocrx_word' id='word_1_151' title='bbox 1095 3289 1247 3373; x_wconf 82' lang='lat' dir='ltr'>Gap.</span> <span class='ocrx_word' id='word_1_152' title='bbox 1317 3292 1418 3353; x_wconf 84' lang='grc'>22.</span> <span class='ocrx_word' id='word_1_153' title='bbox 1487 3290 1724 3355; x_wconf 81' lang='lat' dir='ltr'>Ianum</span> <span class='ocrx_word' id='word_1_154' title='bbox 1799 3290 2153 3371; x_wconf 77' lang='lat' dir='ltr'>Quirinum,</span> <span class='ocrx_word' id='word_1_155' title='bbox 2214 3290 2395 3355; x_wconf 83' lang='lat' dir='ltr'>semei</span> <span class='ocrx_word' id='word_1_156' title='bbox 2438 3296 2627 3375; x_wconf 80' lang='lat' dir='ltr'>atque</span> <span class='ocrx_word' id='word_1_157' title='bbox 2670 3292 2898 3355; x_wconf 83' lang='lat' dir='ltr'>iterum</span> <span class='ocrx_word' id='word_1_158' title='bbox 2942 3312 2983 3354; x_wconf 86' lang='lat' dir='ltr'>a</span> 
     </span>
     <span class='ocr_line' id='line_1_21' title="bbox 1177 3415 2985 3500; baseline 0.001 -21"><span class='ocrx_word' id='word_1_159' title='bbox 1177 3415 1432 3479; x_wconf 76' lang='lat' dir='ltr'>condita</span> <span class='ocrx_word' id='word_1_160' title='bbox 1499 3415 1652 3480; x_wconf 83' lang='lat' dir='ltr'>urbe</span> <span class='ocrx_word' id='word_1_161' title='bbox 1717 3421 1866 3480; x_wconf 77' lang='lat' dir='ltr'>ante</span> <span class='ocrx_word' id='word_1_162' title='bbox 1927 3417 2283 3481; x_wconf 80' lang='lat' dir='ltr'>memoriam</span> <span class='ocrx_word' id='word_1_163' title='bbox 2346 3437 2526 3481; x_wconf 81' lang='lat' dir='ltr'>suam</span> <span class='ocrx_word' id='word_1_164' title='bbox 2573 3416 2869 3500; x_wconf 80' lang='lat' dir='ltr'>clausum,</span> <span class='ocrx_word' id='word_1_165' title='bbox 2912 3418 2985 3481; x_wconf 90' lang='lat' dir='ltr'>in</span> 
     </span>
     <span class='ocr_line' id='line_1_22' title="bbox 1177 3541 2985 3629; baseline 0.002 -24"><span class='ocrx_word' id='word_1_166' title='bbox 1177 3541 1369 3607; x_wconf 82' lang='lat' dir='ltr'>multo</span> <span class='ocrx_word' id='word_1_167' title='bbox 1411 3541 1682 3607; x_wconf 82' lang='lat' dir='ltr'>breviore</span> <span class='ocrx_word' id='word_1_168' title='bbox 1725 3544 2018 3626; x_wconf 79' lang='lat' dir='ltr'>temporis</span> <span class='ocrx_word' id='word_1_169' title='bbox 2064 3544 2267 3623; x_wconf 70' lang='lat' dir='ltr'>spatio</span> <span class='ocrx_word' id='word_1_170' title='bbox 2311 3549 2486 3607; x_wconf 79' lang='lat' dir='ltr'>terra</span> <span class='ocrx_word' id='word_1_171' title='bbox 2526 3546 2813 3629; x_wconf 80' lang='lat' dir='ltr'>marique</span> <span class='ocrx_word' id='word_1_172' title='bbox 2831 3563 2985 3628; x_wconf 80' lang='lat' dir='ltr'>pace</span> 
     </span>
     <span class='ocr_line' id='line_1_23' title="bbox 1169 3669 1751 3749; baseline 0 -17"><span class='ocrx_word' id='word_1_173' title='bbox 1169 3673 1368 3749; x_wconf 76' lang='lat' dir='ltr'>parta</span> <span class='ocrx_word' id='word_1_174' title='bbox 1403 3675 1509 3733; x_wconf 64' lang='lat' dir='ltr'>‘ter</span> <span class='ocrx_word' id='word_1_175' title='bbox 1549 3669 1751 3732; x_wconf 79' lang='lat' dir='ltr'>clusit.</span> 
     </span>
    </p>
   </div>
   <div class='ocr_carea' id='block_1_4' title="bbox 727 3903 2984 4491">
    <p class='ocr_par' dir='ltr' id='par_1_5' title="bbox 727 3903 2984 4491">
     <span class='ocr_line' id='line_1_24' title="bbox 820 3903 2984 3988; baseline 0 -20"><span class='ocrx_word' id='word_1_176' title='bbox 820 3905 1136 3971; x_wconf 87' lang='lat' dir='ltr'>Venimus</span> <span class='ocrx_word' id='word_1_177' title='bbox 1183 3905 1264 3968; x_wconf 91' lang='lat' dir='ltr'>ad</span> <span class='ocrx_word' id='word_1_178' title='bbox 1309 3905 1522 3969; x_wconf 87' lang='lat' dir='ltr'>locum</span> <span class='ocrx_word' id='word_1_179' title='bbox 1573 3903 1651 3969; x_wconf 90' lang='lat' dir='ltr'>de</span> <span class='ocrx_word' id='word_1_180' title='bbox 1699 3924 1829 3988; x_wconf 91' lang='lat' dir='ltr'>quo</span> <span class='ocrx_word' id='word_1_181' title='bbox 1877 3908 2171 3969; x_wconf 84' lang='lat' dir='ltr'>accurate</span> <span class='ocrx_word' id='word_1_182' title='bbox 2216 3903 2491 3988; x_wconf 87' lang='lat' dir='ltr'>fuseque</span> <span class='ocrx_word' id='word_1_183' title='bbox 2539 3903 2984 3969; x_wconf 89' lang='lat' dir='ltr'>disseruerunt</span> 
     </span>
     <span class='ocr_line' id='line_1_25' title="bbox 732 4015 2982 4114; baseline 0 -21"><span class='ocrx_word' id='word_1_184' title='bbox 732 4031 857 4094; x_wconf 84' lang='lat' dir='ltr'>viri</span> <span class='ocrx_word' id='word_1_185' title='bbox 903 4031 1088 4094; x_wconf 88' lang='lat' dir='ltr'>docti.</span> <span class='ocrx_word' id='word_1_186' title='bbox 1139 4015 1380 4094; x_wconf 85' lang='lat' dir='ltr'>Omnes</span> <span class='ocrx_word' id='word_1_187' title='bbox 1426 4028 1573 4092; x_wconf 91' lang='lat' dir='ltr'>libri</span> <span class='ocrx_word' id='word_1_188' title='bbox 1620 4028 1793 4112; x_wconf 87' lang='lat' dir='ltr'>Mss.,</span> <span class='ocrx_word' id='word_1_189' title='bbox 1838 4031 1904 4093; x_wconf 91' lang='lat' dir='ltr'>in</span> <span class='ocrx_word' id='word_1_190' title='bbox 1956 4028 2196 4113; x_wconf 91' lang='lat' dir='ltr'>quibus</span> <span class='ocrx_word' id='word_1_191' title='bbox 2243 4031 2680 4114; x_wconf 86' lang='lat' dir='ltr'>antiquissimi</span> <span class='ocrx_word' id='word_1_192' title='bbox 2728 4032 2982 4114; x_wconf 87' lang='lat' dir='ltr'>optimi-</span> 
     </span>
     <span class='ocr_line' id='line_1_26' title="bbox 732 4153 2984 4239; baseline 0.001 -21"><span class='ocrx_word' id='word_1_193' title='bbox 732 4174 859 4239; x_wconf 89' lang='lat' dir='ltr'>que</span> <span class='ocrx_word' id='word_1_194' title='bbox 925 4154 1193 4219; x_wconf 90' lang='lat' dir='ltr'>eandem</span> <span class='ocrx_word' id='word_1_195' title='bbox 1263 4155 1568 4239; x_wconf 87' lang='lat' dir='ltr'>praebent</span> <span class='ocrx_word' id='word_1_196' title='bbox 1640 4155 2013 4218; x_wconf 90' lang='lat' dir='ltr'>lectionem:</span> <span class='ocrx_word' id='word_1_197' title='bbox 2081 4159 2175 4217; x_wconf 80' lang='lat' dir='ltr'>ter</span> <span class='ocrx_word' id='word_1_198' title='bbox 2220 4153 2419 4218; x_wconf 77' lang='lat' dir='ltr'>clusit.</span> <span class='ocrx_word' id='word_1_199' title='bbox 2468 4153 2802 4239; x_wconf 86' lang='lat' dir='ltr'>Integrum</span> <span class='ocrx_word' id='word_1_200' title='bbox 2853 4155 2984 4221; x_wconf 88' lang='lat' dir='ltr'>fere</span> 
     </span>
     <span class='ocr_line' id='line_1_27' title="bbox 727 4278 2979 4364; baseline 0 -21"><span class='ocrx_word' id='word_1_201' title='bbox 727 4279 1015 4345; x_wconf 92' lang='lat' dir='ltr'>libellum</span> <span class='ocrx_word' id='word_1_202' title='bbox 1063 4279 1373 4345; x_wconf 86' lang='lat' dir='ltr'>conficere</span> <span class='ocrx_word' id='word_1_203' title='bbox 1417 4280 1740 4364; x_wconf 85' lang='lat' dir='ltr'>possimus</span> <span class='ocrx_word' id='word_1_204' title='bbox 1790 4298 1875 4343; x_wconf 81' lang='lat' dir='ltr'>ex</span> <span class='ocrx_word' id='word_1_205' title='bbox 1920 4278 2253 4344; x_wconf 86' lang='lat' dir='ltr'>doctorum</span> <span class='ocrx_word' id='word_1_206' title='bbox 2302 4278 2825 4344; x_wconf 86' lang='lat' dir='ltr'>annotationibus</span> <span class='ocrx_word' id='word_1_207' title='bbox 2853 4281 2979 4344; x_wconf 90' lang='lat' dir='ltr'>dis-</span> 
     </span>
     <span class='ocr_line' id='line_1_28' title="bbox 734 4403 2980 4491; baseline -0.001 -20"><span class='ocrx_word' id='word_1_208' title='bbox 734 4405 1307 4491; x_wconf 83' lang='lat' dir='ltr'>putationibusque</span> <span class='ocrx_word' id='word_1_209' title='bbox 1369 4406 1447 4471; x_wconf 91' lang='lat' dir='ltr'>de</span> <span class='ocrx_word' id='word_1_210' title='bbox 1499 4407 1598 4470; x_wconf 91' lang='lat' dir='ltr'>his</span> <span class='ocrx_word' id='word_1_211' title='bbox 1643 4403 1993 4479; x_wconf 84' lang='lat' dir='ltr'>vocabulis,</span> <span class='ocrx_word' id='word_1_212' title='bbox 2020 4425 2203 4488; x_wconf 89' lang='lat' dir='ltr'>·quas</span> <span class='ocrx_word' id='word_1_213' title='bbox 2252 4424 2474 4470; x_wconf 88' lang='lat' dir='ltr'>omnes</span> <span class='ocrx_word' id='word_1_214' title='bbox 2518 4410 2803 4489; x_wconf 87' lang='lat' dir='ltr'>repetere</span> <span class='ocrx_word' id='word_1_215' title='bbox 2848 4425 2980 4469; x_wconf 90' lang='lat' dir='ltr'>non</span> 
     </span>
    </p>
   </div>
  </div>
 </body>
</html>
