3509 5509
1800 677 1885 738 64

715 888 836 950 hoc
897 887 1266 952 adverbium
1334 890 1703 952 conveniret
1751 889 1831 951 ad
1879 889 2232 970 exprobaret,
2282 909 2411 952 non
2452 889 2529 952 ad
2570 907 2955 952 enumerare.

715 1011 850 1077 Nec
897 1013 1127 1078 melius
1174 1014 1516 1097 respondet
1563 1013 1877 1078 vocabulo
1917 1014 2319 1098 praecedenti
2344 1013 2759 1098 sinqulorum,
2784 1013 2956 1077 unde

717 1143 887 1222 patet
955 1140 1311 1203 Antonium
1376 1142 1634 1204 novisse
1694 1140 1974 1204 omuium
2020 1142 2435 1204 convivarum
2489 1141 2767 1203 nomina.
2816 1138 2961 1202 Non

716 1268 1102 1330 mentionem
1173 1265 1322 1330 fecit
1389 1267 1849 1330 nonnullorum
1924 1287 1959 1331 e
2030 1269 2451 1330 convivarum
2516 1285 2785 1330 numero
2853 1265 2963 1328 sed

719 1393 1187 1456 universorum.
1235 1389 1489 1474 Optime
1534 1411 1685 1476 ergo
1733 1393 1905 1456 haud
1956 1392 2151 1456 dubie
2197 1397 2391 1456 totam
2433 1393 2610 1456 illam
2648 1393 2967 1476 quaestio-

719 1529 863 1581 nem
911 1517 1243 1601 indagavit
1287 1518 1632 1600 Antonine,
1679 1524 2025 1602 antequam
2078 1522 2360 1583 virorum
2406 1525 2969 1602 matronarumque

717 1644 1069 1709 illustrium
1141 1645 1399 1708 nomina
1464 1645 1665 1708 literis
1727 1647 2033 1712 mandare
2096 1667 2295 1710 ausus
2336 1651 2451 1727 est,
2501 1667 2581 1711 ne
2627 1645 2790 1710 forte
2838 1651 2968 1709 tam

724 1772 906 1854 gravi
953 1771 1021 1832 in
1069 1790 1137 1834 re
1183 1771 1538 1835 insontium
1588 1774 1854 1837 nomina
1901 1775 2212 1838 recitaret.

815 1896 954 1973 Qua
1041 1899 1119 1962 de
1188 1918 1385 1963 causa
1453 1919 1566 1984 pro
1639 1907 1811 1965 certo
1882 1902 2084 1966 habeo
2154 1900 2530 1965 Suetonium
2602 1899 2968 1982 scripsisse:

726 2025 1207 2089 accuratissime.
1257 2025 1398 2089 Hoc
1444 2028 1612 2090 enim
1664 2027 2041 2092 adverbium
2092 2029 2328 2110 optime
2375 2026 2676 2089 convenit
2714 2024 2794 2088 ad
2819 2043 2972 2087 euu-

726 2171 986 2233 merare,
1054 2153 1093 2214 i.
1135 2171 1219 2216 e.:
1271 2154 1492 2215 recitat
1543 2153 1869 2215 Antonius
1917 2155 2175 2215 nomina
2219 2153 2499 2234 gentilia,
2545 2143 3002 2236 praenomina,'

730 2278 1132 2361 cognomina,
1179 2295 1259 2340 ne
1307 2277 1454 2359 quis
1501 2275 1797 2339 dubitare
1844 2277 2048 2358 possit
2098 2281 2314 2338 utrum
2359 2284 2602 2360 patrem
2645 2298 2727 2342 an
2752 2278 2977 2358 filium,

731 2407 998 2464 matrem
1067 2420 1149 2462 an
1220 2400 1416 2463 filiam
1494 2401 1823 2462 nominare
1868 2399 2158 2460 voluerit.
2204 2397 2386 2460 Tunc
2434 2400 2713 2485 denique
2759 2422 2978 2483 expro-

731 2526 914 2589 brare
959 2531 1166 2608 potest
1211 2526 1557 2606 Antonine,
1606 2543 1752 2586 cum
1804 2521 2275 2584 accuratissime
2320 2528 2575 2588 noverit
2614 2534 2677 2590 et
2717 2548 2979 2594 enume-

733 2658 831 2716 ret
870 2654 1157 2716 omnium
1221 2654 1287 2715 in
1337 2670 1533 2715 caena
1579 2648 1821 2712 nefaria
1870 2649 2285 2714 convivarum
2334 2651 2612 2714 nomina.
2664 2651 2849 2726 Quod
2899 2657 2978 2719 ad

734 2799 866 2844 rem
922 2779 1509 2864 palaeographicam
1559 2778 1804 2858 attinet,
1850 2796 1977 2840 non
2028 2777 2306 2840 multum
2356 2778 2522 2840 inter
2568 2796 2637 2841 se
2676 2777 2981 2843 differunt

740 2907 1129 2971 amarissime
1193 2912 1254 2970 et
1313 2905 1801 2987 accuratissime,
1866 2923 1995 2987 quo
2040 2902 2180 2967 fieri
2228 2908 2453 2988 potest,
2498 2910 2569 2968 ut
2616 2903 2822 2969 scriba
2868 2905 2978 2967 ali-

738 3038 902 3121 quiS‚
980 3042 1128 3100 ante
1185 3035 1407 3099 oculos
1475 3036 1600 3098 iam
1673 3034 1916 3097 habens
1986 3031 2255 3095 verbum
2328 3031 2701 3111 exprobrare
2765 3032 2978 3115 potius

739 3164 1062 3247 scripserit
1123 3162 1187 3225 id
1249 3160 1645 3246 adverbium,
1703 3160 1877 3243 quod
1925 3163 2262 3250 apteflcum
2312 3177 2385 3221 eo
2434 3158 2628 3221 verbo
2676 3158 2979 3239 coniungi

738 3294 962 3373 potest.
1009 3289 1311 3351 Attamen
1360 3306 1489 3349 non
1538 3291 1635 3350 est
1683 3283 2131 3365 dubitandum,
2178 3285 2336 3366 quin
2378 3282 2766 3346 amarissime
2789 3300 2980 3365 prave

740 3418 824 3479 sit
869 3414 1193 3479 traditum.

1112 3674 1260 3755 Gap.
1305 3674 1404 3737 72.
1453 3672 1550 3736 Ac
1589 3692 1706 3753 per
1751 3690 1957 3735 auuos
2000 3668 2269 3751 amplius
2310 3673 2745 3765 quadrayiuta
2790 3674 2992 3739 eodem

1039 3782 1047 3790 ’
1188 3798 1467 3865 cubiculo
1511 3796 1704 3861 hieme
1747 3801 1809 3860 et
1850 3800 2085 3859 aestate
2126 3794 2380 3878 mansit,
2427 3802 2715 3884 quamvis
2756 3820 2994 3881 parum

1190 3924 1503 3989 salubrem
1546 3921 1889 3987 valitudini
1931 3941 2086 3985 suae
2122 3922 2339 3987 urbem
2374 3922 2569 3988 hieme
2590 3926 2995 4008 experiretur,

1195 4050 1573 4134 assidueque
1620 4048 1685 4111 iu
1729 4046 1884 4111 urbe
1926 4046 2245 4111 hiemaret.

841 4290 1260 4375 Lepidissime
1327 4291 1521 4369 atque
1564 4286 1937 4349 acutissime
1983 4285 2103 4347 hoc
2150 4284 2227 4347 de
2275 4285 2414 4349 loco
2464 4285 2765 4351 disseruit
2812 4288 2995 4353 Pola-

752 4418 919 4499 kius,
986 4418 1054 4479 in
1125 4413 1336 4479 libello
1406 4416 1531 4477 iam
1583 4431 1777 4495 supra
1824 4412 2029 4474 citato.
2080 4408 2384 4474 Mendose
2433 4411 2641 4475 locum
2691 4414 2993 4477 traditum
