3509 5509
1903 717 1945 778 4

883 921 1122 989 Sedulo
1191 932 1404 991 autem
1474 932 1722 1011 praeter
1791 929 2082 1012 optim08,
2151 929 2481 995 deterioris
2542 943 2804 1016 quoque
2856 940 3042 998 notae

789 1050 935 1114 libri
983 1053 1364 1117 consulendi
1411 1059 1563 1117 sunt
1608 1059 1805 1137 atque
1853 1059 2101 1137 praeter
2145 1055 2486 1120 editionem
2532 1056 3037 1123 Teubnerianam

790 1178 1173 1241 vetustiores
1235 1196 1495 1261 quoque
1540 1177 1872 1261 editiones,
1918 1179 1985 1242 in
2035 1179 2273 1262 quibus
2320 1184 2614 1265 inprimis
2663 1183 3043 1265 Burmanni,

790 1298 1242 1385 Oudendorpii,
1305 1303 1606 1385 Ernestii,
1670 1303 1901 1386 Crusii,
1965 1306 2079 1387 qui
2140 1325 2379 1389 omnes,
2442 1314 2504 1371 et
2550 1309 2722 1391 quod
2771 1311 2850 1372 ad
2898 1316 3039 1374 tex-

788 1434 926 1490 tum
975 1435 1037 1491 et
1083 1429 1254 1511 quod
1301 1429 1379 1492 ad
1427 1430 1920 1513 explicationem
1964 1432 2208 1514 attinet,
2256 1435 2491 1516 optime
2539 1443 2912 1499 meruerunt
2960 1436 3039 1499 de

789 1559 1049 1617 auctore
1095 1560 1334 1620 nostro,

878 1677 1047 1754 Quid
1115 1686 1330 1744 autem
1401 1682 1520 1745 hoc
1580 1684 1929 1766 specimine
1989 1684 2325 1749 scribendo
2375 1686 2528 1748 mihi
2578 1689 3038 1771 proposuerim,

783 1807 1004 1889 paucis
1074 1807 1288 1871 verbis
1356 1809 1449 1872 sic
1516 1828 1869 1892 exponam:
1939 1809 2352 1875 Tractaturus
2400 1832 2543 1876 sum
2595 1812 3037 1876 tantummodo

715 2009 722 2018 ,
785 1932 947 1997 duas
1002 1935 1166 1997 vitas
1212 1935 1474 2018 priores,
1519 1954 1679 2017 quas
1726 1940 2022 2000 accurate
2066 1935 2286 2020 legens
2332 1956 2790 2021 saepenumero
2837 1941 3036 2005 incidi

785 2060 852 2121 in
900 2059 1095 2140 locos,
1145 2059 1254 2122 ubi
1302 2064 1539 2141 textuS,
1585 2079 1776 2143 quem
1825 2059 2097 2125 Rothius
2146 2063 2361 2144 edidit,
2409 2041 2536 2126 non
2582 2065 2736 2128 satis
2772 2064 3033 2131 lucidus

785 2204 1112 2269 sanusque
1173 2185 1330 2248 mihi
1384 2186 1563 2248 visus
1607 2191 1721 2267 est,
1774 2184 1884 2249 ubi
1930 2191 2044 2249 aut
2089 2185 2402 2251 emblema
2450 2207 2550 2252 me
2596 2189 2875 2272 offendit,
2920 2198 3034 2256 aut

783 2312 1023 2375 locutio
1082 2331 1304 2394 parum
1354 2316 1497 2395 apte
1546 2311 1848 2376 adhibita.
1897 2311 2179 2377 Conatus
2225 2331 2376 2396 ergo
2424 2333 2591 2397 sum,
2638 2335 3030 2399 quamquam

787 2457 1171 2522 „paucorum
1236 2440 1504 2521 gratiam
1572 2437 2085 2502 consecuturus’'
2132 2437 2367 2520 (Rothii
2414 2439 2607 2503 verba
2654 2440 2811 2505 haec
2858 2448 3030 2523 sunt,

779 2563 981 2627 Praef.
1046 2584 1185 2649 pag.
1249 2564 1350 2643 V),
1413 2583 1640 2628 sanare
1701 2565 1896 2646 locos,
1959 2565 2072 2648 qui
2137 2565 2385 2630 mendis
2446 2566 2659 2629 adhuc
2719 2566 3028 2648 laborant,

777 2690 915 2752 sive
975 2690 1315 2754 vindicans
1384 2690 1718 2754 lectionem
1790 2690 2067 2756 alicuius
2136 2691 2393 2773 codiciS,
2462 2692 3022 2757 emendationesve

780 2817 1060 2879 virorum
1131 2816 1488 2897 doctorum,
1553 2818 1690 2881 sive
1751 2836 1791 2880 e
1834 2819 2202 2881 coniectura
2247 2835 2387 2881 mea
2436 2818 2747 2881 medelam
2798 2840 3026 2904 propo-

778 2960 954 3004 nens.
1019 2940 1160 3017 Qua
1205 2943 1273 3004 in
1321 2943 1551 3024 agendi
1603 2943 1850 3006 ratione
1897 2961 2147 3025 semper
2192 2961 2570 3025 persuasum
2620 2942 2818 3007 habui
2863 2943 3021 3008 Sue·
3076 2981 3079 2985 ·

773 3067 1044 3148 tonium,
1107 3068 1407 3150 quamvis
1467 3086 1594 3129 non
1659 3086 1892 3130 aureae
1953 3065 2317 3130 Latinitatis
2372 3068 2764 3151 scriptorem,
2810 3073 3023 3132 tamen

773 3191 884 3253 illo
942 3191 1128 3255 modo
1179 3190 1455 3256 scribere
1501 3191 1819 3272 debuisse,
1870 3197 1939 3255 ut
1986 3210 2226 3272 omnes,
2274 3190 2513 3275 quibus
2560 3192 2822 3256 historia
2872 3193 3024 3258 Cae-

773 3337 988 3381 sarum
1039 3318 1215 3381 cordi
1263 3323 1414 3398 erat,
1458 3318 1817 3400 intelligere
1861 3336 2007 3381 eum
2059 3324 2337 3401 possent.
2388 3316 2567 3393 Quae
2616 3317 2795 3381 nullo
2834 3318 3022 3382 modo

773 3441 1027 3507 defendi
1096 3443 1532 3527 explicarique
1599 3449 1871 3526 possunt
1941 3444 2039 3508 vel
2114 3444 2317 3507 delevi
2383 3443 2482 3506 vel
2529 3445 2618 3505 ita
2658 3446 2903 3507 mutavi
2950 3449 3023 3508 ut

772 3554 971 3633 sanus
1018 3569 1356 3652 bonusque
1396 3572 1629 3633 sensus
1665 3570 1979 3634 evaderet.
2020 3568 2283 3652 Semper
2321 3570 2596 3652 cogitavi
2637 3567 3018 3633 Suetonium

769 3692 1101 3779 scripsisse
1149 3693 1425 3759 breviter
1471 3701 1533 3758 et
1582 3696 1913 3777 concinne,
1961 3696 2071 3759 sed
2119 3694 2428 3760 brevitate
2472 3696 2694 3758 ieiuna
2745 3694 3017 3777 quadam

769 3828 832 3884 et
891 3820 1023 3885 fere
1081 3822 1332 3904 puerili,
1397 3840 1526 3884 non
1572 3821 1700 3902 illa,
1750 3841 1941 3904 quam
1994 3821 2386 3884 admiramur
2431 3821 2496 3881 in
2546 3817 2779 3899 Tacito,
2828 3838 3019 3902 quae—

770 3966 897 4030 que
965 3949 1493 4031 epigrammatum
1567 3948 1735 4028 stylo
1810 3948 2135 4011 simillima
2202 3953 2315 4026 est,
2378 3963 2588 4028 neque
2648 3943 3019 4008 adhibuisse

765 4092 912 4136 eum
979 4075 1284 4137 orationis
1347 4079 1740 4155 ornamenta,
1805 4092 1992 4157 quae·
2019 4073 2359 4137 laudamus
2406 4071 2575 4154 apud
2625 4068 3016 4150 Ciceronem,

766 4199 876 4263 sed
940 4201 1032 4263 sic
1095 4218 1348 4283 semper
1407 4202 1616 4283 egisse
1681 4205 1752 4264 ut
1816 4220 2009 4283 quam
2071 4199 2479 4283 paucissimis
2542 4194 2775 4276 verbis,
2821 4215 3015 4279 quam

765 4324 1044 4407 plurima
1107 4326 1507 4409 exprimeret.
1569 4324 1951 4390 Rectissime
1994 4324 2282 4389 Suetonii
2337 4323 2657 4388 scribendi
2702 4323 3012 4385 rationem

765 4449 1068 4513 describit
1114 4446 1232 4513 Vir
1272 4451 1686 4515 doctissimus
1735 4450 2185 4535 Shuckburgb,
2225 4453 2290 4514 in
2334 4449 2522 4513 Vitae
2560 4449 2846 4531 Augusti
2886 4446 3015 4510 edi-
