3509 5509
1796 649 1877 708 32

701 856 986 938 scripsit:
1050 855 1400 938 approbata
1443 856 1516 919 ei.
1563 854 1653 920 Ut
1700 856 1822 919 hoo
1867 875 2213 938 pronomen
2260 858 2787 941 interpretaretur
2830 878 2940 922 su-

699 981 1030 1063 praposuit
1082 981 1395 1064 glossator
1442 982 1700 1064 quidam
1749 982 2071 1064 avunculo,
2117 985 2305 1047 cuius
2353 984 2738 1048 substantivi
2788 1005 2932 1068 pars

701 1105 927 1168 ultima
973 1107 1036 1168 in
1089 1110 1334 1169 textum
1385 1108 1638 1189 irrepsit
1684 1113 1745 1171 et
1792 1109 1885 1172 sio
1931 1128 2126 1191 prave
2174 1109 2403 1172 tradita
2452 1115 2565 1172 est.
2602 1110 2777 1172 Talia
2819 1129 2948 1172 non

701 1231 895 1294 semel
945 1231 1054 1295 sed
1103 1233 1358 1314 saepius
1403 1232 1569 1296 faeta
1617 1252 1776 1315 esse,
1823 1253 1952 1296 uno
2002 1235 2296 1317 exemplo
2345 1235 2695 1317 ostendam,
2736 1242 2948 1299 sumto

701 1376 784 1421 ex
830 1356 991 1420 libro
1039 1357 1180 1421 Viri
1229 1357 1388 1421 Olar.
1435 1359 1522 1442 Τῇ.
1571 1359 1994 1424 Halbertsma.
2036 1359 2301 1444 Legitur
2342 1363 2511 1424 enim
2554 1363 2621 1424 in
2667 1361 2949 1445 Augusti

703 1485 872 1547 vitae
933 1485 1138 1567 capite
1185 1484 1303 1547 87:
1354 1484 1541 1548 Ponit
1585 1485 1835 1550 assidue
1880 1493 1936 1549 et
1975 1506 2095 1569 pro
2140 1485 2328 1550 stulto
2382 1486 2730 1568 „baeeolum
2778 1487 2955 1571 apud

701 1610 946 1694 pullum
987 1611 1455 1694 pulleiaeeum’',
1501 1617 1558 1675 et
1599 1631 1718 1695 pro
1754 1614 1979 1676 cerrito
2027 1613 2521 1696 „vacerrosum''‚
2562 1622 2617 1678 et
2648 1613 2952 1698 „vapide”

703 1757 769 1798 se
837 1735 1058 1800 habere
1113 1757 1229 1820 pro
1289 1738 1470 1822 male,
1531 1742 1590 1800 et
1643 1738 1989 1820 „betizare”
2033 1758 2151 1822 pro
2196 1739 2514 1822 lanquere,
2563 1740 2731 1823 quod
2774 1741 2955 1824 vulyo

712 1861 1192 1942 „lachauizare”
1259 1861 1494 1927 dieitur
1531 1883 1581 1929 e.
1620 1884 1678 1947 q.
1716 1885 1763 1926 s.
1827 1863 1971 1928 Hoo
2033 1884 2294 1948 quoque
2333 1866 2472 1929 loeo
2522 1867 2715 1930 simili
2767 1867 2953 1930 modo

709 1987 974 2052 verbum
1021 1987 1320 2071 lanquere
1363 1991 1430 2052 in
1479 1995 1726 2053 textum
1777 1992 2049 2073 irrepsit.
2480 1991 2485 1996 ’

642 2087 664 2099 ⁰
796 2113 1062 2198 Scripsit
1111 2117 1412 2178 nimirum
1463 2120 1717 2178 auctor:
1766 2135 1883 2199 pro
1927 2135 2011 2197 eo,
2056 2115 2221 2199 quod
2256 2115 2435 2198 vulyo
2478 2116 2951 2204 „Zachanizare”

706 2241 960 2308 dieitur.
1033 2241 1346 2306 Videmus
1417 2261 1566 2325 ergo
1637 2241 1931 2306 Suetonii
1992 2248 2195 2307 aetate
2242 2242 2509 2307 verbum
2560 2242 2959 2307 lachauizare

708 2369 773 2431 in
824 2387 944 2432 usu
993 2368 1212 2449 fuisse,
1260 2369 1372 2432 sed
1420 2369 1843 2432 nihilominus
1890 2368 2075 2432 facile
2119 2367 2259 2432 fieri
2305 2369 2531 2452 potuit,
2577 2374 2649 2431 ut
2688 2367 2955 2432 verbum

712 2493 830 2556 hoo
876 2493 1206 2557 insolitum
1247 2495 1586 2578 glossatori
1625 2495 1820 2558 alicui
1860 2491 2199 2558 obscurius
2240 2494 2581 2573 videretur,
2623 2495 2734 2577 qui
2771 2515 2957 2579 prop-

711 2627 883 2684 terea
928 2622 1382 2704 suprascripsit
1428 2621 1693 2684 verbum
1745 2620 2194 2704 quotidianum
2235 2619 2551 2702 lauyuere.
2593 2620 2699 2684 Sio
2741 2628 2957 2685 nostro

714 2766 972 2830 quoque
1017 2747 1155 2810 loeo
1205 2747 1361 2810 mihi
1406 2745 1578 2832 fingo
1625 2747 1947 2831 glossema
1994 2743 2303 2809 avunculo
2347 2746 2413 2808 in
2464 2750 2711 2811 textum
2760 2747 2957 2830 irrep-

715 2877 897 2958 sisse,
943 2874 1140 2957 idque
1191 2874 1574 2938 mutilatum.

804 3002 929 3066 Pro
976 3002 1094 3066 cito
1140 3020 1289 3086 ergo
1335 3002 1674 3086 legendum
1725 3005 1880 3084 puto
1927 3000 1996 3064 ei.

1077 3272 1229 3356 Gap.
1281 3274 1379 3336 10.
1429 3272 1651 3337 Priore
1697 3272 1841 3355 (die)
1887 3266 2206 3359 Antonius
2241 3272 2477 3356 fuyisse
2512 3292 2650 3335 eum
2689 3271 2962 3355 (Auyus-

1156 3403 1310 3482 tum)
1379 3400 1594 3464 scribit
1659 3420 1734 3463 ae
1802 3400 1941 3464 sine
1995 3398 2438 3479 paludamento
2496 3418 2766 3483 equoque
2818 3403 2965 3481 post

1162 3525 1418 3590 biduum
1464 3525 1710 3590 demum
1756 3524 2125 3607 apparuisse
2169 3546 2215 3589 e.
2240 3546 2299 3609 q.
2325 3545 2371 3588 s.

808 3764 1150 3847 Augustus
1197 3781 1309 3845 pro
1357 3766 1646 3845 praetore
1691 3762 2005 3825 exercitui
2052 3766 2303 3846 praeest
2350 3766 2413 3825 et
2458 3780 2606 3824 eum
2655 3760 2868 3825 Hirtio
2905 3766 2968 3825 et

718 3888 928 3952 Pansa
990 3905 1174 3970 opem
1236 3887 1358 3950 fert
1403 3885 1481 3949 D.
1531 3886 1731 3951 Bruto
1780 3888 2090 3951 adversus
2138 3886 2223 3953 M.
2273 3888 2647 3950 Antonium.
2694 3885 2967 3951 Duobus

717 4013 974 4098 proeliis
1022 4012 1259 4077 bellum
1310 3998 1674 4077 Mutinense
1723 4012 2087 4076 confectum
2125 4017 2246 4075 est.
2292 4010 2433 4075 Hoc
2471 4016 2753 4095 tempore
2780 4013 2968 4076 nimi-

722 4159 867 4204 rum
930 4138 1014 4201 M.
1072 4139 1401 4202 Antonius
1461 4137 1917 4202 acerbissimus
1969 4138 2094 4201 fuit
2139 4139 2338 4201 hostis
2386 4138 2667 4222 Augusti
2712 4144 2775 4202 et
2820 4158 2966 4201 oum

723 4266 862 4347 ipse
928 4264 1256 4326 Antonius
1326 4256 1514 4327 nobis
1581 4264 1664 4326 sit
1733 4267 1957 4326 auotor
2025 4264 2233 4347 priore
2294 4263 2533 4346 proelio
2597 4263 2967 4347 Augustum

727 4390 1000 4473 turpiter
1039 4388 1299 4473 fugisse,
1349 4389 1518 4452 haud
1566 4388 1990 4452 dubitandum
2033 4394 2130 4451 est
2169 4390 2323 4471 quin
2367 4389 2692 4453 Antonius
2719 4390 2796 4453 de
2818 4390 2972 4474 fuga
