3509 5509
1828 647 1913 709 24

745 876 949 920 cessus
999 875 1145 920 vero
1191 874 1263 919 ea
1311 855 1468 934 loca,
1510 853 1621 918 ubi
1668 856 2112 920 tantummodo
2160 861 2391 918 natura
2436 855 2805 919 facultatem
2843 853 2993 917 fecit

745 983 1088 1048 accedendi
1154 983 1223 1044 in
1291 980 1588 1046 insulam.
1657 980 1720 1044 N
1724 1001 1852 1044 unc
1914 986 2146 1063 tamen,
2207 999 2504 1063 accessuS,
2564 981 2632 1043 in
2680 978 2995 1062 singulari

747 1108 1043 1192 scriptus,
1089 1107 1248 1170 nihil
1297 1106 1474 1170 aliud
1521 1106 1662 1170 vult
1708 1127 1900 1190 quam
1948 1113 2201 1187 portus3
2242 1106 2595 1190 generatim
2643 1106 2736 1171 sic
2782 1104 2994 1168 dictus

740 1239 836 1299 est
903 1239 965 1297 et
1035 1232 1352 1317 significat
1423 1251 1643 1297 omnes
1713 1236 1953 1314 portus,
2016 1238 2129 1296 aut
2177 1238 2440 1314 natura,
2502 1236 2615 1294 aut
2663 1230 2993 1292 hominum

742 1358 961 1424 labore
1032 1356 1487 1441 navigantibus
1556 1356 1819 1421 oblatos.
1889 1357 2004 1421 Bis
2065 1376 2216 1441 ergo
2277 1358 2346 1419 in
2408 1355 2629 1420 eadem
2676 1356 2993 1418 sententia

745 1485 1010 1548 eandem
1059 1502 1192 1547 rem
1241 1483 1602 1546 nominaret
1650 1482 2019 1564 Suetonius,
2060 1482 2233 1565 quod
2278 1483 2390 1545 vix
2432 1481 2687 1545 credere
2712 1499 2995 1564 possum.

749 1607 890 1686 Qua
937 1609 1016 1674 de
1061 1629 1256 1674 causa
1300 1629 1678 1692 persuasum
1731 1609 1933 1674 habeo
1983 1611 2151 1674 alius
2190 1610 2443 1694 generis
2484 1609 2713 1672 vitium
2739 1608 3001 1674 haerere

744 1736 811 1798 in
863 1736 1180 1800 sententia
1226 1739 1463 1817 nostra,
1509 1734 1763 1817 aliaque
1815 1736 1917 1798 via
1966 1734 2397 1818 quaerendam
2438 1752 2578 1797 esse
2615 1733 2998 1797 emendandi

744 1859 1073 1922 rationem.
1121 1855 1300 1922 Duas
1347 1863 1564 1922 autem
1601 1858 1791 1922 credo
1830 1860 2180 1924 sententias
2204 1859 2555 1942 permixtas
2581 1876 2740 1940 esse,
2765 1858 2996 1922 vitium

745 1983 1289 2065 antiquissimum,
1354 1983 1660 2066 quoniam
1716 2001 1939 2047 omnes
1986 1984 2236 2048 codices
2285 1983 2548 2047 eandem
2598 1983 2999 2047 tradiderunt

746 2109 1122 2188 lectionem3
1170 2109 1234 2172 id
1285 2115 1415 2173 est:
1466 2109 1910 2174 remotissimis
1950 2108 2345 2194 temporibus
2383 2109 2755 2193 glossatoris
2795 2111 3002 2193 expli-

744 2235 910 2298 catio
982 2235 1083 2298 vel
1152 2235 1478 2298 annotatio
1551 2236 1619 2297 in
1690 2239 1942 2300 textum
1978 2236 2260 2319 ·irrepsit
2307 2241 2370 2300 et
2417 2255 2564 2299 cum
2617 2255 2768 2300 vero
2817 2241 2998 2301 textu

744 2361 809 2424 in
863 2379 1054 2426 unam
1106 2363 1484 2424 sententiam
1535 2363 1789 2425 coaluit.
1836 2362 1939 2425 Ad
1989 2362 2155 2428 hanc
2201 2361 2565 2445 opinionem
2611 2379 2712 2425 me
2754 2361 3003 2424 ducunt

760 2486 1067 2550 vocabula
1100 2506 1222 2570 per
1262 2507 1345 2566 se,
1394 2506 1560 2570 quae
1607 2488 1764 2550 mihi
1810 2487 2114 2552 videntur
2153 2487 2462 2571 reliquiae
2502 2488 2780 2552 alicuius
2806 2487 3001 2552 verbi.

757 2611 904 2675 Non
974 2613 1143 2676 enim
1207 2612 1394 2676 credo
1454 2618 1723 2678 aetatem
1787 2615 2018 2679 tulisse
2062 2614 2304 2678 litteras
2350 2633 2384 2676 s
2426 2634 2459 2678 e
2506 2615 2618 2678 sed
2661 2634 2693 2677 s
2737 2635 2788 2697 c,
2837 2634 3003 2698 quae

759 2757 904 2801 cum
960 2758 1086 2822 per
1147 2743 1300 2802 sunt
1360 2738 1602 2822 priores
1648 2739 1894 2803 litterae
1944 2737 2120 2803 verbi
2161 2740 2571 2819 perscrutari.
2619 2738 2761 2804 Hoc
2807 2740 3001 2805 verbo

763 2883 950 2929 usum
1019 2864 1220 2929 fuisse
1288 2863 1669 2929 Suetonium
1740 2885 1855 2950 pro
1918 2871 2089 2929 certo
2151 2864 2370 2945 habeo,
2428 2873 2620 2949 atque
2666 2867 2866 2950 igitur
2912 2868 3005 2931 sic

757 3008 905 3054 eum
970 2990 1304 3073 scripsisse
1360 2990 1660 3054 coniicio:
1710 2990 1838 3082 nisi
1874 2994 2311 3070 perscrutatus
2355 2996 2413 3055 et
2456 2990 2909 3073 navigationem
2947 2997 3005 3056 et

751 3134 1058 3179 accessum
1141 3115 1230 3179 ad
1310 3116 1608 3192 insulam,
1693 3118 1800 3180 cui
1870 3118 2185 3182 sententia
2255 3122 2475 3201 postea
2547 3118 3001 3201 suprascripsit

758 3244 959 3307 altera
1040 3262 1307 3307 manus:
1393 3247 1732 3328 antequam
1811 3248 2034 3324 portus
2115 3243 2514 3325 εεῳίοναεεει,
2586 3262 2753 3326 quae
2819 3243 3005 3308 facile

760 3388 908 3432 cum
971 3369 1532 3452 praecedentibus:
1597 3390 1791 3451 neque
1844 3370 1917 3433 in
1976 3369 2398 3434 Britanniam
2459 3371 2807 3435 transvexit
2852 3389 3000 3434 con-

759 3495 943 3578 iungi
1003 3501 1290 3578 possunt.
1351 3494 1457 3559 Sic
1521 3496 1847 3560 meliorem
1909 3515 2028 3560 nos
2091 3497 2322 3561 habere
2382 3498 2764 3561 sententiam
2829 3502 3001 3580 puto.

757 3619 952 3685 Nunc
1021 3622 1191 3686 enim
1261 3641 1554 3687 caremus
1624 3622 1745 3685 hoc
1817 3641 2076 3706 quoque
2136 3621 2471 3703 vocabulo,
2534 3622 2707 3705 quod
2754 3640 3004 3705 semper

766 3767 864 3812 me
925 3747 1243 3814 offendere
1303 3754 1539 3833 perget,
1598 3748 1899 3813 adverbio
1946 3754 2109 3825 ante,
2158 3749 2330 3832 quod
2387 3769 2649 3833 prorsus
2697 3768 3008 3832 superva-

762 3896 956 3940 cuum
1002 3881 1116 3958 est,
1164 3890 1310 3939 nam
1361 3874 1695 3940 Caesarem
1736 3876 2237 3959 explorationem
2278 3876 2632 3940 faciendam
2676 3878 3005 3940 curavisse

761 4005 1104 4084 antequam
1175 4003 1296 4065 iter
1355 4000 1605 4083 faceret,
1667 4000 1811 4065 luce
1880 4001 2117 4066 clarius
2178 4007 2291 4084 est,
2354 4007 2547 4086 atque
2609 4004 2663 4067 si
2712 4005 2853 4066 iure
2901 4004 3005 4067 hic

759 4127 1038 4211 positum
1099 4130 1284 4208 esset,
1349 4126 1817 4190 desideraretur
1867 4146 2125 4210 quoque
2169 4128 2339 4191 inter
2383 4128 2509 4191 nisi
2553 4134 2615 4193 et
2661 4148 3002 4213 perspecu-

759 4254 945 4317 latus.
1009 4252 1239 4317 Varias
1300 4254 1416 4317 has
1478 4253 1558 4317 ob
1623 4273 1851 4317 causas
1914 4273 2066 4338 ergo
2128 4274 2359 4319 censeo
2421 4255 2733 4320 emblema
2778 4275 2813 4320 e
2860 4275 3003 4321 sen-

759 4382 960 4444 tentia
1022 4384 1237 4444 nostra
1299 4379 1656 4443 tollendum
1719 4398 1878 4462 esse,
1925 4398 2196 4463 eamque
2248 4382 2340 4445 sic
2388 4380 2755 4465 legendam:
2806 4402 3005 4467 neque
