3509 5509
1648 683 1686 745 9

557 903 818 961 nomina
887 898 1188 975 hauserit,
1250 913 1436 959 nemo
1502 899 1618 974 est,
1665 893 1778 975 qui
1826 890 2147 972 explicare
2193 889 2409 970 possit.
2459 886 2600 949 Non
2653 904 2803 967 ergo

553 1044 700 1087 eum
772 1023 930 1086 Viro
1001 1022 1161 1086 Clar.
1235 1020 1644 1084 Halbertsma
1715 1016 1958 1099 aliquid
2007 1013 2416 1077 inserendum
2470 1019 2644 1094 put0,
2694 1010 2804 1074 sed

417 1157 432 1170 “
553 1155 771 1213 contra
818 1149 1177 1212 delendum.
1227 1147 1296 1210 Si
1345 1151 1562 1209 autem
1618 1141 1929 1207 voeabula
1964 1160 2087 1224 per
2110 1137 2465 1202 Ambranos
2485 1142 2543 1200 et
2565 1135 2805 1199 Trans·

543 1274 856 1357 padanos,
903 1281 1230 1356 tamquam
1278 1269 1507 1333 inutile
1553 1276 1615 1332 et
1662 1285 2136 1350 supervacuum
2185 1263 2499 1328 emblema
2542 1281 2576 1325 e
2617 1267 2800 1324 textu

555 1419 945 1478 amovemus,
1010 1398 1248 1462 bonum
1313 1395 1570 1479 praebet
1629 1413 1893 1458 sensum
1948 1393 2263 1456 sententia
2310 1396 2545 1465 nostra,
2592 1407 2805 1471 neque

557 1525 910 1608 quidquam
964 1528 1156 1587 restat
1195 1522 1470 1584 obscuri.

917 1778 1066 1864 Gap.
1145 1781 1242 1842 17.
1305 1778 1548 1842 Recidit
1608 1797 1837 1840 rursus
1894 1777 1965 1840 in
2025 1776 2359 1839 discrimen
2404 1769 2599 1851 aliud,
2645 1771 2813 1836 inter

1000 1905 1190 1968 socios
1256 1902 1571 1968 Catilinae
1618 1902 2003 1982 nominatae,
2047 1905 2106 1964 et
2150 1898 2325 1983 apud
2372 1898 2642 1962 Novium
2690 1897 2781 1960 Ni
2788 1933 2809 1944 ·

997 2048 1181 2111 9rnm
1255 2028 1648 2108 Quaestorem
1719 2047 1763 2090 a
1827 2026 2021 2090 Lucio
2100 2023 2298 2089 Vettio
2367 2023 2572 2088 indice
2635 2028 2692 2086 et
2739 2022 2811 2085 in

1002 2159 1226 2218 senatu
1269 2175 1312 2218 a
1363 2154 1593 2234 Quinto
1653 2152 1862 2235 OuriO,
1910 2153 2029 2234 cni,
2069 2151 2234 2236 quod
2265 2151 2509 2230 primus
2548 2148 2811 2213 consilia

1002 2280 1469 2344 coniuratorum
1540 2279 1871 2360 deteoeerat,
1930 2279 2265 2342 constituta
2325 2283 2511 2341 erant
2562 2274 2807 2358 publice

992 2407 1301 2490 praemia.
2264 2383 2279 2401 ⁰

655 2638 862 2704 Locus
929 2658 1083 2704 sane
1153 2639 1448 2723 difficilis,
1520 2660 1800 2724 quocum
1867 2645 2039 2705 arete
2085 2640 2379 2704 cohaeret
2426 2640 2585 2703 alter
2631 2639 2814 2701 locus

561 2771 626 2832 in
696 2768 980 2832 eiusdem
1050 2770 1215 2832 vitae
1280 2770 1485 2851 capite
1534 2769 1638 2847 20,
1687 2768 1799 2831 ubi
1848 2768 2103 2851 vulgata
2150 2767 2340 2831 lectio
2390 2764 2609 2830 habet:
2659 2764 2812 2829 Pos-

561 2900 752 2958 tremo
795 2894 870 2957 in
913 2893 1233 2958 universos
1278 2893 1562 2958 diversae
1605 2893 1906 2977 factionis
1936 2943 1948 2956 .
1976 2942 1989 2957 .
2017 2941 2030 2956 .
2060 2941 2074 2955 .
2125 2893 2455 2957 inductum
2488 2890 2819 2975 praemiiS,

561 3023 632 3082 ut
699 3038 765 3082 se
825 3018 899 3081 de
967 3018 1306 3100 inferenda
1369 3018 1660 3098 Pompeio
1723 3038 1865 3082 nece
1909 2994 2305 3082 sollicitatione
2350 3037 2393 3080 a
2434 3015 2809 3100 quibusdam

549 3143 954 3228 profiteretur
1020 3164 1065 3206 e.
1113 3164 1170 3227 q.
1217 3163 1263 3207 3.
1335 3144 1739 3208 Permultum
1815 3146 1938 3207 iam
2011 3145 2500 3227 disputaverunt
2570 3142 2648 3206 de
2711 3142 2809 3206 his

564 3269 819 3334 duobus
888 3270 1046 3334 locis
1114 3272 1491 3354 interpretes
1560 3277 1623 3334 et
1693 3277 1940 3335 veteres
2002 3277 2064 3335 et
2110 3271 2517 3336 recentiores,
2566 3268 2807 3333 Locum

563 3398 976 3482 posteriorem
1041 3398 1343 3461 mendose
1401 3398 1705 3462 traditum
1753 3417 1894 3463 esse
1940 3402 2330 3481 putaverunt
2377 3415 2618 3478 omnes,
2664 3417 2811 3460 nam

563 3525 732 3587 inter
790 3522 1089 3605 factionis
1133 3530 1195 3587 et
1241 3524 1559 3587 inductum
1605 3524 1848 3607 aliquid
1896 3524 2258 3604 desiderari,
2304 3540 2492 3587 nemo
2539 3527 2654 3605 est,
2702 3523 2815 3605 qui

565 3669 694 3713 non
737 3649 964 3713 videat.
1003 3648 1448 3714 Restituerunt
1486 3668 1637 3733 ergo
1669 3669 1704 3715 e
1728 3649 2054 3714 Ciceronis
2078 3651 2461 3714 testimoniis
2486 3648 2583 3726 (ef.
2610 3648 2811 3732 Epist.

565 3776 643 3839 ad
705 3776 1014 3858 Atticum,
1060 3775 1145 3858 II,
1194 3778 1315 3856 243
1366 3776 1492 3839 Pro
1538 3775 1757 3858 Sexte,
1802 3796 1854 3841 c.
1906 3778 2024 3856 533
2073 3776 2149 3839 In
2198 3776 2554 3859 Vatinium,
2600 3795 2655 3841 c.
2710 3778 2814 3857 10)

567 3923 798 3968 nomen
873 3902 1141 3969 Vettium
1205 3910 1270 3969 et
1313 3906 1407 3969 sic
1455 3907 1834 3969 sententiam
1884 3906 2139 3988 legunt:
2189 3904 2507 3969 Postremo
2551 3906 2623 3968 in
2670 3905 2815 3968 uni-

562 4052 772 4096 versos
815 4032 1112 4116 factionis
1158 4031 1410 4096 induxit
1468 4031 1737 4097 Vettium
1778 4032 2099 4116 praemiiS,
2143 4036 2217 4096 ut
2242 4081 2255 4095 .
2280 4081 2293 4095 .
2323 4080 2373 4095 ..
2410 4031 2812 4112 profiteretur

565 4177 620 4224 e.
649 4179 707 4242 q.
731 4179 778 4224 s.
838 4158 901 4224 N
907 4178 1034 4223 unc
1093 4164 1304 4223 autem
1366 4177 1671 4242 quaerere
1732 4164 2081 4242 coeperunt
2142 4164 2361 4222 utrum
2409 4159 2517 4223 ille
2575 4157 2813 4223 Vettius

566 4282 899 4349 habendus
968 4286 1053 4349 sit
1123 4285 1416 4349 diversus
1484 4284 1563 4349 ab
1627 4303 1720 4368 ee,
1782 4286 1893 4368 qui
1949 4305 2080 4369 cap.
2134 4286 2211 4347 17
2264 4293 2816 4369 commemoratur,

571 4411 816 4475 necne?
865 4410 1108 4475 Putant
1155 4410 1588 4495 BurmannuS,
1637 4410 1994 4494 Ernestius,
2042 4412 2341 4475 Bremius
2386 4413 2496 4475 alii
2540 4410 2615 4474 L.
2675 4410 2815 4477 Vet-
