3509 5509
1776 680 1862 741 28

669 890 862 967 parte
926 885 1130 949 velata
1199 889 1417 970 spuria
1491 888 1644 950 mihi
1717 888 2019 952 videntur
2088 895 2151 952 et
2211 890 2335 952 iarn
2387 896 2574 954 antea
2623 889 2939 954 Gruterus

683 1011 899 1074 omnia
961 1013 1116 1076 haec
1182 1032 1294 1095 pro
1354 1013 1737 1096 glossemate
1785 1014 2025 1078 habuit.
2072 1015 2361 1078 Annotat
2405 1013 2937 1099 Oudendorpius:

690 1135 896 1216 „Male
956 1139 1068 1219 (ita
1114 1143 1332 1202 censet
1380 1137 1716 1218 Gruterus)
1766 1159 1915 1202 cum
1963 1139 2184 1203 eodem
2234 1139 2421 1203 modo
2469 1139 2699 1204 referat
2743 1140 2939 1206 Vale-

683 1262 820 1325 rius
869 1260 1256 1326 Maximus'’
1303 1262 1498 1327 Haud
1547 1262 1761 1344 dubie,
1808 1264 1915 1328 ille
1962 1265 2129 1328 enim
2182 1265 2275 1328 sic
2313 1283 2446 1328 rem
2490 1265 2752 1328 tradidit
2777 1265 2938 1346 (Lib.

692 1385 803 1448 IV.
851 1406 903 1449 c.
953 1389 1010 1468 5,
1059 1387 1156 1468 6):
1213 1406 1333 1468 „ne
1380 1387 1585 1452 tribus
1634 1388 1895 1470 quidem
1945 1394 2007 1452 et
2054 1389 2285 1472 viginti
2334 1388 2733 1471 vulneribus,
2782 1391 2937 1473 quin

687 1512 1108 1576 verecundiae
1169 1512 1652 1596 obsequeretur,
1712 1512 2050 1576 absterreri
2108 1515 2333 1595 potuit.
2382 1512 2714 1596 Siquidem
2765 1522 2937 1578 utra-

687 1655 814 1719 que
882 1643 1093 1721 togam
1169 1658 1362 1701 manu
1434 1638 1706 1720 demisit,
1772 1644 1849 1701 ut
1908 1637 2171 1702 inferior
2232 1658 2380 1721 pars
2444 1641 2727 1722 corporis
2774 1644 2939 1703 tecta

683 1762 1167 1828 collaberetur.’'
1235 1763 1361 1845 (Sic
1427 1765 1716 1847 plerique
1778 1763 1927 1826 libri
1988 1762 2139 1827 Mss.
2188 1770 2251 1827 et
2296 1763 2609 1828 editiones
2658 1763 2935 1845 Valerii3

682 1889 979 1973 equidem
1045 1909 1192 1952 cum
1256 1889 1483 1973 Pighio
1545 1889 1821 1972 aliisque
1884 1888 2234 1972 praeferam
2298 1889 2635 1953 lectionem
2700 1890 2938 1954 codicis

690 2015 1070 2079 Cauchiani:
1121 2013 1418 2097 inferiore
1464 2014 1740 2094 corporis
1770 2019 1978 2097 parte,
2024 2033 2173 2077 nam
2224 2015 2338 2077 vix
2383 2012 2609 2078 Latine
2656 2014 2782 2077 dici
2829 2033 2939 2099 po·

691 2148 814 2208 test
869 2147 1110 2226 partem
1159 2141 1602 2207 tantummodo
1650 2141 1934 2223 corporis
1982 2139 2233 2222 collabi,
2280 2141 2455 2224 quod
2503 2141 2809 2205 nimirum
2860 2141 2939 2204 de
2986 2107 2989 2110 ⁴

689 2272 828 2354 ipso
877 2269 1144 2334 Caesare
1192 2270 1498 2351 scriptum
1543 2270 1676 2345 est).
1716 2268 2194 2351 Argumentum
2219 2271 2452 2348 autem,
2481 2267 2653 2349 quod
2680 2264 2939 2331 Ouden-

691 2396 955 2479 dorpius
1022 2414 1104 2459 ex
1173 2394 1303 2458 illis
1371 2392 1608 2457 Valerii
1672 2393 1886 2457 verbis
1949 2393 2165 2456 hausit
2228 2398 2449 2457 contra
2497 2392 2755 2456 Gruteri
2802 2393 2936 2476 opi·

693 2524 971 2603 nionem,
1031 2540 1160 2605 ego·
1211 2521 1434 2584 afferre
1497 2519 1640 2582 volo
1706 2538 1821 2603 pro
1878 2537 1967 2582 ea.
2015 2517 2085 2582 Si
2131 2518 2428 2582 Valerius
2475 2518 2745 2582 vixisset
2792 2521 2937 2600 post

687 2647 1086 2729 Suetonium,
1141 2645 1408 2710 fortasse
1454 2645 1712 2710 credere
1758 2663 2093 2728 possemus
2143 2643 2471 2708 Valerium
2519 2649 2669 2707 ante
2715 2642 2937 2707 oculos

686 2771 988 2836 habuisse
1047 2771 1339 2836 Suetonii
1400 2771 1633 2853 locum,
1683 2770 1794 2834 sed
1840 2788 1989 2833 cum
2038 2770 2127 2833 ita
2174 2788 2277 2833 res
2326 2787 2465 2833 sese
2511 2786 2640 2830 non
2688 2767 2936 2850 habeat,

686 2901 799 2962 vix
860 2899 1036 2963 aliud
1103 2899 1259 2982 quid
1321 2917 1356 2962 e
1415 2897 1659 2961 Valerii
1708 2896 1921 2960 verbis
1969 2897 2214 2974 hauriri
2260 2900 2487 2978 potest,
2534 2913 2728 2977 quam
2778 2893 2930 2956 hoc:

684 3023 914 3105 Verba,
969 3042 1134 3106 quae
1181 3023 1456 3106 legimus
1505 3022 1675 3105 apud
1723 3020 2124 3103 Suetonium,
2169 3042 2207 3084 a
2250 3021 2601 3104 glossatore
2652 3018 2928 3102 quodam

685 3154 898 3213 sumta
957 3155 1110 3213 sunt
1167 3168 1251 3212 ex
1298 3148 1555 3212 Valerio
1603 3146 1888 3210 Maximo
1937 3153 2007 3210 ut
2051 3147 2575 3229 interpretaretur
2625 3143 2933 3208 vocabula

685 3294 804 3359 quo
849 3273 1162 3339 honestius
1207 3274 1467 3338 caderet.
1515 3274 1716 3337 Addit
1765 3270 2263 3356 Oudendorpius
2311 3290 2384 3335 ea
2434 3270 2745 3334 vocabula
2782 3288 2938 3353 pen-

687 3402 835 3466 dere
894 3422 930 3464 a
996 3400 1240 3465 verbis:
1305 3402 1492 3465 etiam
1551 3399 1858 3482 inferiore
1916 3394 2194 3479 corporis
2242 3402 2433 3482 parte
2488 3396 2711 3481 velata,
2762 3397 2935 3479 quod

686 3531 948 3593 minime
1016 3547 1241 3592 verum
1312 3533 1430 3593 est.
1501 3526 1793 3592 Pendent
1862 3547 1897 3589 a
1962 3523 2528 3610 praecedentibus:
2592 3522 2803 3586 sinmn
2848 3522 2938 3586 ad

681 3658 813 3721 ima
869 3675 1062 3719 crura
1125 3654 1402 3737 deduxit,
1452 3659 1524 3718 ut
1571 3673 1665 3736 ec,
1716 3659 1787 3717 ut
1832 3655 1938 3735 ita,
1988 3652 2323 3717 honestius
2372 3650 2641 3714 caderet.
2690 3648 2933 3713 Sensus

681 3783 907 3847 horum
956 3781 1294 3845 verborum
1343 3780 1715 3864 perlucidus
1763 3784 1876 3863 est,
1925 3798 2044 3843 nec
2090 3778 2335 3862 indiget
2382 3776 2795 3840 annotatione
2833 3775 2935 3839 vel

681 3908 1220 3991 interpretatione.
1288 3907 1456 3970 Aliis
1526 3906 1787 3989 quidem
1857 3903 2071 3969 verbis
2142 3905 2407 3969 eandem
2472 3921 2606 3967 rem
2671 3904 2934 3964 narrant

685 4031 956 4097 Ovidius
1017 4031 1454 4114 (Metomorph.
1516 4030 1652 4093 Lib.
1713 3996 1899 4092 XIII.
1964 4048 2053 4092 vs.
2114 4029 2267 4109 479)
2313 4032 2378 4092 et
2420 4026 2726 4091 Justinus
2774 4025 2931 4106 (Lib.

678 4159 858 4223 XIV.
922 4160 1127 4240 c.·6),
1189 4157 1302 4223 sed
1350 4176 1581 4221 sensus
1629 4175 1894 4239 prorsus
1940 4154 2109 4219 idem
2160 4160 2273 4218 est.
2321 4152 2649 4216 Nimirum
2699 4152 2930 4217 Caesar

684 4286 900 4349 sinum
960 4286 1217 4348 tunicae
1277 4282 1534 4347 deducit
1602 4300 1682 4345 ne
1753 4280 1911 4363 quid
1980 4280 2266 4343 indecori
2327 4280 2395 4342 in
2462 4280 2603 4343 eius
2668 4297 2929 4361 corpore

696 4411 899 4475 videri
959 4411 1174 4494 possit.
1235 4408 1429 4473 Haud
1477 4407 1672 4472 dubie
1719 4426 1871 4491 ergo
1933 4406 2127 4472 verba
2184 4408 2376 4472 citata
2438 4408 2649 4471 aliena
2694 4411 2847 4471 sunt
2891 4426 2929 4469 a
3022 4414 3024 4417 ⁴
