3509 5509
1617 709 1700 773 63

530 923 733 985 utitur
805 922 997 986 verbo
1065 922 1425 1006 franyendi,
1499 930 1569 988 ut
1639 943 1690 988 e.
1760 946 1817 1008 g.
1880 927 1945 987 in
2011 926 2141 988 vita
2187 924 2419 989 Tiberii
2466 946 2597 1010 cap.
2651 928 2769 990 44:

537 1095 566 1127 „
600 1097 613 1110 .
641 1095 654 1110 .
681 1096 698 1113 .
726 1097 739 1111 .
785 1053 978 1133 atque
1035 1050 1293 1134 utrique
1354 1069 1523 1133 mort,
1570 1051 1745 1134 quod
1798 1056 2020 1115 mutuo
2067 1050 2383 1135 flagitium
2434 1052 2779 1136 exprobra-

530 1178 696 1256 rant,
739 1194 928 1238 crura
972 1161 1309 1259 fregisse”.'

618 1299 865 1365 Deinde
911 1301 990 1364 de
1036 1303 1432 1386 pronominis
1475 1322 1598 1366 usu
1641 1302 2043 1386 disputantes
2072 1304 2280 1366 varios
2306 1302 2581 1367 afferunt
2605 1303 2778 1367 locos

529 1429 922 1511 interpretes,
981 1429 1092 1510 qui
1139 1434 1347 1491 tamen
1401 1428 1559 1491 nihil
1605 1429 1737 1493 fere
1788 1449 1933 1493 cum
1983 1431 2124 1493 loco
2173 1436 2391 1494 nostro
2438 1448 2780 1493 commune

532 1553 780 1617 habent.
841 1552 918 1617 In
982 1556 1062 1618 iis
1108 1562 1343 1637 autem,
1392 1556 1504 1637 qui
1551 1555 1766 1619 idonei
1816 1556 2135 1639 videntur,
2179 1575 2530 1639 pronomen
2578 1556 2634 1617 is
2681 1574 2779 1618 re-

529 1679 800 1762 spondet
868 1681 1268 1763 praecedenti
1339 1682 1703 1763 pronomini
1776 1683 2059 1746 relativo.
2116 1681 2329 1746 Citant
2375 1701 2560 1765 porro
2610 1683 2778 1745 vitae

532 1805 815 1889 Augusti
862 1813 1052 1890 caput
1100 1809 1218 1870 94:
1276 1807 1416 1887 „Ad
1467 1814 1768 1891 quartum
1820 1809 2093 1892 lapidem
2145 1808 2503 1894 Campanae
2546 1811 2683 1874 viae
2708 1812 2774 1873 in

530 1951 788 1997 nemore
856 1933 1194 2017 prandenti
1263 1953 1345 1999 ex
1415 1936 1764 2019 improviso
1836 1935 2053 2018 aquila
2115 1954 2342 2018 panem
2394 1937 2453 1999 ei
2500 1955 2535 1999 e
2582 1956 2777 2001 manu

529 2060 743 2142 rapuit
802 2078 852 2123 e.
881 2081 937 2143 q.
965 2059 1075 2142 s.'',
1137 2060 1248 2124 ubi
1294 2061 1350 2124 ei
1395 2061 1567 2124 haud
1615 2060 1808 2125 dubie
1856 2080 1984 2123 non
2036 2063 2250 2124 minus
2298 2052 2773 2144 supervacuum

529 2191 623 2249 est
672 2191 734 2250 et
780 2188 1084 2250 nimirum
1135 2191 1172 2250 e'
1215 2189 1510 2271 sequenti
1558 2187 2027 2270 praepositione
2073 2208 2103 2250 e
2146 2193 2381 2269 ortum,
2421 2207 2495 2250 ac
2519 2187 2773 2251 tandem

530 2310 764 2375 Domit.
815 2332 945 2396 cap.
998 2315 1058 2393 3,
1104 2312 1212 2376 ubi
1256 2319 1384 2377 est:
1444 2311 1729 2394 „Deinde
1779 2333 2047 2378 uxorem
2100 2313 2469 2394 Domitiam,
2518 2333 2599 2377 ex
2648 2334 2777 2397 qua

530 2439 594 2499 in
644 2438 928 2500 secundo
975 2456 1095 2500 suo
1142 2439 1481 2502 consulatu
1529 2437 1734 2502 filiurn
1784 2439 2060 2503 tulerat.
2091 2487 2104 2501 .
2134 2487 2187 2502 ..
2237 2439 2563 2522 alteroque
2604 2459 2773 2502 anno

532 2563 961 2626 consalutavit
1030 2562 1428 2646 Augustam,
1501 2564 1786 2644 eandem,
1856 2564 2106 2628 Paridis
2169 2565 2497 2628 histrionis
2563 2584 2777 2629 amore

533 2688 941 2773 deperditam,
990 2689 1411 2774 repudiavit”,
1457 2690 1570 2752 ubi
1617 2710 1837 2754 revera
1888 2711 2237 2776 pronomen
2290 2691 2547 2757 eandem
2593 2712 2775 2757 suam

533 2816 718 2880 habet
764 2815 1317 2900 significationem.
1365 2816 1483 2881 Est
1528 2818 1699 2881 enim
1749 2823 1959 2881 tamen
2004 2839 2155 2882 eam.
2728 2810 2735 2815 ’

622 2942 876 3017 Quibus
921 2942 1220 3006 omnibus
1270 2944 1502 3025 missiS,
1549 2944 1935 3008 contendere
1982 2965 2346 3029 possumus,
2399 2951 2614 3009 nostro
2640 2946 2779 3008 loco

531 3086 793 3152 prorsus
863 3087 1336 3152 supervacuum
1401 3087 1541 3148 esse
1607 3088 1957 3153 pronomen
2005 3071 2078 3154 ei,
2127 3090 2243 3135 nec
2290 3071 2545 3135 defendi
2591 3090 2779 3154 posse

529 3194 632 3257 vel
702 3214 825 3258 usu
897 3194 1254 3279 quotidiani
1323 3196 1655 3276 sermonis,
1725 3195 1829 3259 vel
1897 3195 2185 3280 longiore
2232 3197 2397 3260 inter
2442 3194 2666 3261 Thallo
2712 3201 2774 3261 et

530 3340 725 3384 crura
791 3323 1014 3406 spatio.
1075 3320 1453 3386 Rectissime
1499 3341 1649 3405 ergo
1697 3341 2048 3405 pronomen
2092 3324 2433 3389 delendum
2478 3344 2618 3389 esse
2657 3334 2796 3409 pu‘-‚

532 3452 833 3512 taverunt
877 3449 1174 3512 nonnulli
1217 3450 1342 3512 viri
1397 3448 1591 3532 docti,
1641 3449 1881 3532 quibus
1925 3449 2223 3515 lubenter
2269 3454 2599 3516 assentior.

894 3634 1046 3715 Cap.
1122 3636 1223 3699 70.
1291 3635 1503 3700 Caena
1569 3655 1809 3722 qnoque
1879 3637 2017 3701 eius
2082 3638 2367 3701 secretior
2426 3639 2495 3701 in
2539 3637 2780 3722 fabulis

974 3760 1108 3844 fnit
1133 3810 1184 3825 ..
1212 3810 1266 3825 ..
1333 3762 1405 3825 in
1473 3782 1604 3847 qna
1665 3762 1919 3826 deorum
1966 3762 2345 3848 dearumque
2387 3762 2607 3828 habitu
2650 3764 2776 3828 dis-

976 3887 1260 3952 cnhnisse
1303 3888 1588 3952 convivas
1640 3891 1698 3951 et
1745 3887 1953 3974 ipsum
1981 3907 2105 3967 pro
2142 3887 2436 3972 Apolline
2456 3894 2779 3973 ornatwm,

971 4034 1096 4078 non
1164 4013 1412 4078 Antoni
1478 4014 1654 4077 modo
1720 4013 2011 4097 epistolae
2077 4013 2475 4096 sinyulorum
2519 4015 2777 4079 nomina

981 4140 1373 4217 amarissime
1441 4141 1870 4204 enumerantis
1932 4140 2329 4223 eoeprobrant,
2392 4142 2502 4205 sed
2544 4145 2602 4204 et
2645 4162 2779 4205 ver-

977 4286 1086 4331 sus
1132 4288 1178 4331 e.
1203 4287 1262 4352 q.
1285 4287 1332 4330 s,

624 4452 794 4528 Quid
865 4454 966 4516 hic
1043 4452 1360 4538 significat
1431 4454 1829 4517 amarissime
1874 4453 2294 4518 enumerare?
2340 4454 2537 4519 Haud
2586 4456 2779 4520 dubie
