3509 5509
1592 647 1674 708 55

507 857 644 920 Nic.
713 856 1024 920 Heinsius
1077 849 1186 919 'sic
1255 856 1598 939 legendum
1662 857 1961 940 opinatus
2024 862 2137 938 est,
2202 857 2439 940 quibus
2487 856 2759 922 testibus

507 985 709 1066 nisuS,
779 1001 895 1066 ego
969 1001 1229 1067 quoque
1299 982 1572 1046 arbitror
1635 983 1754 1046 hoc
1802 983 1991 1047 modo
2040 984 2420 1048 sententiam
2471 989 2755 1048 nostram

485 1109 841 1197 ‚legendam
914 1128 1086 1174 esse:
1165 1107 1556 1173 Commodius
1616 1109 1686 1172 id
1746 1109 1949 1173 visum
1997 1113 2103 1183 est,
2146 1114 2236 1192 ut,
2282 1111 2396 1192 qui
2442 1111 2577 1176 ilico
2617 1133 2762 1197 per-

506 1234 754 1318 ferrent
819 1234 1078 1316 litteras,
1145 1234 1530 1319 interroqari
1598 1254 1856 1319 quoque,
1924 1235 1981 1298 si
2048 1235 2203 1316 quid
2266 1257 2370 1301 res
2430 1238 2761 1321 exmerent,

496 1361 768 1440 possent.

867 1618 1018 1703 Gap.
1092 1621 1196 1684 53.
1275 1617 1502 1702 Officia
1568 1639 1710 1684 cum
1778 1621 1991 1685 multis
2052 1627 2263 1686 mutuo
2308 1626 2598 1707 emarcuit,
2647 1646 2759 1690 nee

939 1747 1137 1829 prius
1197 1745 1330 1810 dies
1390 1745 1694 1831 cuiusque
1740 1746 2058 1812 sollemnes
2104 1749 2517 1834 frequentare
2561 1751 2758 1834 desiit,

950 1891 1143 1951 quam
1203 1871 1446 1955 yrandi
1509 1873 1640 1936 iam
1705 1877 1884 1937 natu.
1936 1879 1994 1958 et
2053 1875 2126 1938 in
2185 1875 2376 1939 turba
2440 1876 2757 1958 quondam

955 1996 1414 2080 sponsaliomm
1457 1997 1556 2062 die
1600 2003 1881 2063 vexatus.

598 2228 778 2335 puas
826 2230 928 2293 hic
975 2230 1249 2314 legimus
1297 2233 1602 2317 temporis
1640 2232 2075 2298 definitiones:
2117 2234 2434 2319 quondam
2473 2243 2537 2302 et
2576 2257 2761 2321 spon-

505 2357 808 2423 saliorum
875 2358 991 2441 die‚
1056 2379 1330 2442 quarum
1395 2381 1555 2424 una:
1605 2361 1943 2445 quondam,
1982 2361 2242 2448 sufficit.
2290 2361 2454 2426 Nam
2508 2365 2561 2427 si
2613 2383 2761 2429 vera

508 2490 602 2549 est
663 2485 848 2550 lectio
896 2485 1144 2567 tradita,
1192 2505 1401 2569 neque
1449 2487 1726 2570 amplius
1775 2488 2321 2552 circumscribitur
2368 2490 2755 2554 vocabulum

505 2610 712 2692 turba,
755 2630 886 2674 non
931 2613 1089 2676 satis
1135 2616 1384 2676 constat
1431 2613 1796 2677 cuiusmodi
1842 2614 2069 2679 turbae
2114 2613 2226 2678 fiat
2272 2617 2529 2680 mentio.
2554 2616 2758 2701 Spon-

507 2736 812 2801 saliorum
863 2736 963 2801 die
1007 2737 1075 2799 in
1120 2736 1376 2801 turbam
1423 2737 1704 2831 incidere
1750 2739 1957 2823 potuit
2002 2739 2345 2824 Augustus
2392 2743 2457 2805 in
2503 2740 2662 2825 foro,
2686 2745 2754 2807 in

509 2862 745 2947 Campo
814 2862 1064 2946 Martio,
1132 2866 1201 2927 in
1262 2866 1385 2946 via,
1445 2865 1512 2928 in
1563 2883 1956 2949 unoquoque
2002 2866 2282 2950 denique
2330 2869 2528 2932 totius
2574 2869 2757 2933 urbis

508 2989 664 3052 loco,
723 2988 1027 3052 Attamen
1091 2989 1146 3053 si
1212 2990 1507 3072 princeps
1571 2993 1845 3055 vexatus
1893 2995 2059 3055 esset
2106 2992 2173 3055 in
2222 2993 2497 3077 quadam
2549 2994 2757 3077 turba,

510 3133 673 3198 quae
727 3115 920 3178 nulla>
969 3116 1216 3180 ratione
1276 3135 1422 3179 cum
1473 3117 1943 3200 sponsaliorum
1992 3118 2209 3201 aliquo
2256 3118 2419 3183 festo
2462 3120 2756 3185 cohaere-

509 3242 631 3324 bat,
678 3242 920 3305 nullam
971 3241 1229 3306 haberet
1276 3262 1555 3325 causam,
1595 3263 1710 3308 cur
1759 3263 1890 3307 non
1935 3244 2213 3329 amplius
2254 3246 2389 3310 dies
2414 3246 2757 3312 sollemnes

506 3366 958 3451 frequentaret.

597 3492 945 3559 Suetonius
1005 3513 1154 3577 ergo
1217 3495 1360 3558 vult
1421 3494 1673 3559 turbam
1723 3496 2165 3579 convivarum,
2211 3498 2464 3562 turbam
2516 3518 2759 3583 eorum,

509 3621 622 3705 qui
682 3619 763 3683 ad
809 3619 1130 3704 sponsalia
1175 3620 1555 3686 celebranda
1601 3626 2055 3686 convenerant.
2100 3622 2340 3687 Notum
2388 3631 2485 3695 est
2532 3644 2759 3690 nume-

507 3766 651 3811 rum
699 3765 923 3811 eorum
971 3748 1410 3830 convivarum,
1458 3748 1757 3832 inprimis
1802 3748 1976 3833 apud
2022 3748 2301 3833 ditioreS,
2347 3751 2757 3834 insigniores-

440 3882 450 3891 ·
510 3892 653 3957 que,
723 3892 971 3958 semper
1039 3892 1457 3957 permagnum
1517 3873 1720 3938 fuisse
1769 3879 1832 3939 et
1876 3876 1969 3939 sic
2012 3874 2199 3940 facile
2244 3875 2385 3940 fieri
2430 3878 2639 3961 potuit
2687 3882 2760 3941 ut

507 4001 572 4063 in
635 4019 858 4064 eorum
921 3998 1109 4063 turba
1172 4001 1358 4063 etiam
1426 4001 1722 4084 princeps
1779 4000 1906 4065 huc
1952 4006 2147 4085 atque
2195 4001 2354 4065 illuc
2398 4002 2762 4087 pelleretur,

505 4127 1007 4210 trahereturque.
1058 4124 1234 4202 Quae
1279 4130 1493 4190 autem
1542 4126 1817 4211 legimus
1865 4127 2037 4212 apud
2089 4132 2412 4192 auctorem
2464 4132 2757 4193 nostrum

509 4253 588 4317 de
634 4253 828 4316 variis
875 4251 1084 4316 turbis
1112 4252 1333 4335 -accipi
1379 4257 1668 4335 possunt,
1717 4270 1927 4336 neque
1978 4253 2111 4316 ulla
2156 4257 2367 4317 exstat
2392 4256 2758 4337 necessitaS,

512 4398 630 4443 cur
674 4380 741 4441 in
788 4378 1101 4442 vocabulo
1149 4377 1338 4441 turba
1383 4378 1716 4443 videamus
1768 4380 2183 4443 convivarum
2233 4378 2504 4443 turbam.
2553 4378 2761 4444 Locus
2834 4356 2840 4361 ι
