3509 5509
1645 665 1680 726 ⁷

542 878 830 953 mortem,
903 891 1130 956 neque,
1200 875 1255 937 si
1327 893 1574 966 verum·
1625 879 1808 948 esset,
1878 872 2010 936 ullo
2060 873 2247 936 modo
2310 874 2377 937 id
2423 873 2787 938 cohaereret

540 1019 688 1062 cum
738 999 838 1079 iis,
885 1018 1049 1081 quae
1094 1001 1163 1062 in
1212 999 1633 1082 sequentibus
1679 1005 1897 1063 narrat
1942 1004 2203 1084 auctor.=
2236 997 2404 1074 Quid
2445 999 2784 1063 destinatio

539 1125 648 1188 illa
693 1145 836 1188 cum
891 1124 1512 1208 Cossutia-dimissa,
1558 1125 1714 1208 quid
1761 1145 1907 1188 cum
1959 1123 2299 1188 Cornelia?
2324 1123 2558 1188 Procul
2584 1125 2783 1189 dubio

538 1269 688 1332 ergo
751 1250 1061 1314 vocabula
1120 1253 1312 1315 citata
1374 1251 1642 1315 delenda
1703 1257 1874 1314 sunt.
1925 1248 2072 1314 Non
2135 1256 2288 1312 sunt
2331 1249 2530 1333 inepti
2572 1270 2783 1332 gram-

537 1377 749 1440 matici
806 1378 1154 1457 annotati0,
1202 1377 1314 1440 sed
1361 1395 1396 1440 e
1444 1374 1654 1440 verbis
1700 1373 2249 1458 praecedentibus»,
2298 1393 2463 1457 quae
2510 1380 2781 1439 aetatem

537 1521 660 1566 non
727 1503 1031 1582 tulerunt,
1091 1502 1253 1580 falso
1301 1509 1592 1566 nostrum
1642 1504 1710 1565 in
1759 1502 1971 1565 locum
2024 1504 2477 1585 migraverunt.
2525 1500 2781 1586 Optime

535 1628 652 1690 hoc
719 1628 1158 1710 intelligimus,
1227 1647 1374 1690 cum
1447 1629 1726 1692 sciamus
1786 1625 2160 1691 Suetonium
2212 1646 2465 1710 semper
2511 1629 2578 1689 in
2630 1629 2780 1690 vitis

470 1838 477 1845 ι
534 1753 884 1833 narrandis,
950 1755 1160 1817 varias
1204 1759 1416 1837 partes
1462 1753 1734 1816 diversis
1781 1752 1937 1816 locis
1985 1759 2274 1835 tractare,
2317 1754 2405 1816 ita
2455 1759 2526 1816 ut
2573 1755 2779 1836 primo

529 1879 668 1942 loco
717 1880 1055 1944 dissereret
1102 1880 1180 1944 de
1230 1881 1628 1964 imperatoris
1673 1879 1935 1961 familia,
1980 1880 2210 1943 deinde
2256 1880 2335 1943 de
2383 1878 2779 1961 muneribuS,

531 2007 716 2069 tertio
777 2004 855 2068 de
899 2006 1159 2088 ingenio
1204 2011 1319 2068 etc.
1368 2003 1537 2069 Loco
1586 2010 1807 2068 nostro
1857 2003 2144 2069 Caesaris
2190 2005 2493 2069 familiam
2544 2011 2774 2069 tractat

528 2136 721 2214 atque
789 2131 989 2213 igitur
1058 2131 1169 2192 vix
1237 2130 1412 2193 credi
1473 2135 1677 2212 potest
1743 2148 1888 2194 eum
1950 2130 2144 2192 simul
2194 2130 2310 2193 hac
2356 2131 2422 2193 in
2475 2138 2649 2213 parte
2696 2130 2775 2194 de

417 2330 424 2336 ‚
533 2257 674 2320 eius
720 2254 1074 2318 honoribus
1121 2255 1505 2337 disputasse.

612 2380 944 2444 Vocabula
992 2399 1174 2464 ergo:
1218 2379 1452 2459 flamen
1500 2377 1715 2443 Dialis
1756 2379 2105 2442 destinatus
2149 2380 2347 2444 alium
2391 2381 2457 2443 in
2484 2379 2777 2444 Suetonii

522 2526 712 2590 opere
758 2511 1105 2570 tenuerunt
1153 2506 1384 2587 locum,
1433 2524 1624 2589 quem
1673 2507 2036 2570 accuratius
2084 2507 2418 2589 designare
2467 2526 2594 2570 non
2636 2527 2768 2570 am-

520 2634 692 2717 plius
739 2651 1104 2715 possumus,
1152 2632 1263 2695 sed
1312 2633 1451 2695 sine
1489 2630 1685 2694 dubio
1726 2633 1792 2693 in
1835 2631 2275 2694 textutradito
2302 2631 2570 2695 delenda
2593 2639 2765 2696 sunt.

881 2891 1032 2973 Cap.
1086 2894 1140 2956 9.
1187 2892 1256 2956 in
1295 2892 1460 2971 fine:
1511 2940 1526 2955 .
1556 2940 1571 2955 .
1601 2944 1612 2959 .
1645 2942 1660 2959 .
1683 2896 2074 2976 pactumque,
2120 2897 2191 2956 at
2229 2893 2419 2957 simul
2456 2893 2617 2977 foris
2639 2894 2759 2973 ille,

959 3020 1089 3099 ipse
1151 3018 1387 3083 Romae
1430 3019 1520 3082 ad
1561 3039 1664 3083 res
1707 3036 1900 3082 novas
1945 3027 2404 3102 consuryerent,
2438 3040 2561 3104 per
2607 3020 2761 3085 Am-

961 3145 1192 3209 branos
1265 3152 1324 3209 et
1389 3144 1929 3229 Transpadanos;
1999 3146 2360 3211 destitutum
2428 3149 2756 3233 utriusque

958 3271 1282 3334 consilium
1326 3277 1520 3335 morte
1564 3270 1831 3336 Pisoni-5.

601 3507 696 3573 De
755 3509 1075 3592 gentibus,
1137 3529 1299 3592 quas
1362 3512 1651 3574 nominat
1713 3518 1955 3593 auctor,
2017 3494 2173 3574 nihil
2232 3518 2499 3596 constat,
2546 3533 2758 3599 neque

509 3635 676 3698 inter
745 3654 815 3698 se
883 3636 1298 3699 consentiunt
1366 3636 1444 3700 de
1511 3637 1593 3699 iis
1659 3635 1808 3700 libri
1873 3635 2043 3719 Mss,
2115 3657 2389 3720 quorum
2457 3641 2755 3704 nonnulli

511 3761 743 3826 habent
803 3760 1165 3843 AmbroneS,
1220 3764 1329 3826 alii
1387 3762 1753 3843 Umbranoe,
1798 3763 2166 3847 Labranoe,
2196 3765 2627 3845 Lambranos;
2674 3767 2753 3832 de

500 3890 769 3952 nomine
838 3908 988 3953 vero
1035 3888 1523 3971 Transpadanos
1567 3892 1980 3955 consentiunt
2027 3909 2250 3955 omnes
2301 3893 2567 3957 codices.
2616 3891 2753 3957 Du-

505 4015 690 4079 bitari
739 4034 888 4099 ergo
938 4021 1161 4099 potest,
1210 4022 1426 4081 utrum
1477 4023 1646 4081 recte
1693 4037 1836 4083 sese
1883 4018 2155 4082 habeant
2200 4020 2356 4083 haec
2402 4019 2747 4085 vocabula:

493 4160 612 4219 per
679 4140 1040 4205 Ambranos
1107 4148 1165 4205 et
1225 4141 1743 4227 Transpadanos
1807 4165 1886 4208 an
1953 4165 2102 4210 non.
2156 4145 2407 4223 Monuit
2450 4150 2577 4210 iam
2629 4144 2747 4211 Vir

499 4267 656 4331 Clar.
702 4268 790 4350 Tj.
838 4267 1265 4351 Halbertsma,
1309 4271 1376 4332 in
1424 4270 1607 4352 libro,
1648 4290 1841 4353 quem
1885 4277 2029 4354 post
2066 4274 2207 4337 eius
2250 4279 2517 4338 mortem
2546 4273 2747 4339 edidit

497 4392 616 4456 Vir
687 4392 845 4457 Glar.
919 4393 999 4458 H.
1072 4414 1192 4458 van
1259 4394 1645 4461 Herwerden
1712 4398 2121 4479 (Adversaria
2182 4399 2449 4481 Critica3
2496 4399 2745 4484 Leidae,
