3509 5509
1609 690 1691 750 33

511 899 935 963 narrationem
987 900 1298 962 veriorem
1349 919 1540 982 quam
1591 899 2068 964 clementiorem
2107 899 2343 964 fecerit.
2371 900 2557 964 Vivis
2587 901 2753 964 colo-

509 1024 691 1088 ribus
754 1025 918 1088 hanc
965 1025 1254 1109 depingit
1297 1025 1536 1109 fugam,
1576 1030 1649 1088 ut
1692 1026 1938 1090 hostem
1991 1045 2184 1090 suum
2233 1046 2427 1109 quam
2478 1028 2761 1090 maxima

509 1150 772 1214 infamia
834 1150 1186 1234 adspergat.
1247 1149 1482 1213 Narrat
1539 1169 1689 1234 ergo
1737 1151 2108 1235 Augustum
2156 1156 2298 1234 post
2344 1150 2613 1215 biduum
2658 1171 2761 1235 ap-

509 1277 802 1360 paruisse
856 1278 998 1340 sine
1040 1276 1510 1360 paludamentO,
1555 1277 1596 1340 i.
1618 1296 1706 1342 e.:
1756 1278 1897 1342 sine
1948 1277 2247 1341 omnibus
2276 1279 2536 1342 honoris
2560 1279 2760 1362 insig-

510 1402 718 1467 nibus.
780 1401 976 1466 Haud
1037 1402 1231 1491 dubie
1295 1405 1502 1488 turpis
1547 1404 1669 1468 hoc
1714 1410 1851 1468 erat
1896 1404 2086 1489 fugae
2133 1392 2605 1489 argumentum.
2653 1404 2759 1469 Sic

508 1528 674 1612 fugit
722 1528 1065 1612 Pompeius
1097 1530 1280 1613 ⁴apud
1327 1518 1708 1594 Pharsalum
1767 1531 2104 1612 „detractis
2149 1531 2515 1616 insignibus
2560 1533 2759 1615 impe-

509 1653 796 1718 ratoris'’.
841 1653 1041 1732 (Caes.
1088 1654 1161 1717 B.
1211 1654 1343 1718 Civ.
1390 1653 1524 1719 Lib.
1570 1655 1688 1737 ΙΙΙ,
1735 1676 1788 1720 0.
1839 1657 1987 1739 96);
2031 1659 2124 1722 310
2148 1656 2387 1721 Sextus
2410 1657 2757 1741 Pompeius

511 1780 653 1858 (Dio
703 1781 983 1866 CassiuS,
1029 1781 1165 1846 Lib.
1212 1782 1480 1866 XLIX),
1525 1803 1692 1861 nam,
1738 1790 1814 1848 ut
1851 1788 2025 1849 recte
2048 1789 2313 1848 annotat
2335 1784 2756 1849 Burmannus

509 1907 588 1970 ad
657 1907 870 1972 locum
941 1911 1276 1972 nostrum:
1312 1956 1321 1964 .
1356 1909 1470 1990 „In
1541 1928 1795 1972 summo
1866 1909 2148 1993 periculo
2210 1914 2322 1974 aut
2381 1910 2537 1994 fuga
2584 1910 2755 1974 soliti

510 2033 707 2098 duces
775 2034 1227 2120 paludamenta
1295 2033 1592 2117 ponere'’,
1660 2054 1742 2098 ne
1811 2036 1969 2118 quid
2037 2035 2387 2120 fugientem
2448 2036 2756 2120 impedire

507 2163 730 2248 possit.
790 2161 1190 2226 Vestimenta
1251 2180 1559 2258 armaque
1621 2161 1839 2225 deiicit
1898 2163 2256 2246 imperator,
2302 2162 2413 2226 sed
2462 2163 2575 2225 vix
2620 2181 2753 2226 cre-

509 2288 702 2354 dibile
769 2294 868 2353 est
926 2308 1073 2353 eum
1141 2307 1222 2352 ex
1287 2307 1453 2372 equo
1502 2309 1790 2372 unquam
1839 2289 2243 2354 descendisse
2290 2309 2364 2354 eo
2411 2295 2756 2375 momente,

509 2435 637 2499 quo
709 2435 1034 2480 summum
1103 2415 1483 2498 periculum,
1552 2417 1750 2479 immo
1824 2421 2112 2496 mortem,
2171 2435 2364 2498 quam
2424 2417 2752 2482 celerrime

508 2542 748 2607 evitare
794 2545 1079 2606 conatur.

596 2665 844 2732 Deinde
910 2667 1096 2731 facile
1163 2666 1469 2750 explicari
1539 2685 1666 2730 non
1740 2666 1941 2749 possit
2002 2685 2119 2729 cur
2178 2667 2465 2750 Augusti
2511 2667 2755 2731 reditus

508 2800 650 2878 post
712 2794 982 2859 biduum
1045 2796 1296 2878 turpior
1357 2797 1440 2858 sit
1502 2786 1642 2859 sine
1703 2784 1871 2877 equo
1921 2813 2115 2877 quam
2166 2813 2311 2857 cum
2362 2813 2565 2877 equo;
2616 2796 2755 2860 sine

508 2921 703 2985 dubio
774 2922 1114 3006 Augustus
1181 2921 1438 3005 fugiens
1499 2926 1626 2984 tam
1689 2939 1929 3003 equum
1982 2940 2173 2984 suum
2222 2921 2512 2985 amittere
2561 2942 2754 3004 quam

507 3067 748 3111 novum
796 3048 1088 3112 invenire
1135 3052 1396 3132 poterat.
1436 3046 1559 3111 Sed
1609 3066 1832 3112 revera
1878 3047 2040 3111 nibil
2084 3066 2294 3131 equus
2338 3048 2446 3112 ille
2497 3049 2576 3112 ad
2602 3068 2757 3131 rem,

507 3175 669 3238 nihil
715 3175 795 3239 ad
838 3174 1030 3258 fugae
1075 3174 1402 3237 reditusve
1449 3174 1929 3256 turpitudinem.

597 3301 808 3364 Aliam
857 3319 1006 3384 ergo
1054 3319 1186 3364 rem
1238 3300 1424 3364 nobis
1461 3301 1820 3363 Antonium
1862 3300 2221 3364 narravisse
2246 3301 2555 3382 suspicor,
2581 3319 2755 3364 men-

506 3428 876 3509 tionemque
920 3425 1147 3489 fecisse
1194 3445 1324 3488 non
1372 3426 1514 3509 equi
1557 3425 1669 3490 sed
1716 3423 1933 3509 clypei.
1973 3426 2255 3488 Aeterna
2294 3426 2463 3488 enim
2490 3424 2756 3489 infamia

505 3560 633 3617 tam
706 3548 876 3636 apud
944 3550 1285 3633 RomanoS,
1356 3571 1548 3634 quam
1620 3551 1791 3635 apud
1855 3550 2131 3615 Graecos
2193 3550 2455 3632 laborat,
2501 3569 2755 3630 summo

508 3679 816 3743 dedecore
882 3678 1166 3761 operitur
1234 3678 1312 3757 is,
1380 3677 1494 3760 qui
1560 3678 1628 3740 in
1693 3675 1935 3760 proelio
2003 3675 2303 3758 clypeum
2348 3674 2595 3739 abiecit.
2646 3674 2758 3739 Uti

510 3808 740 3870 unicus
810 3805 1049 3869 ducum
1122 3809 1519 3867 mortuorum
1591 3804 1660 3865 in
1729 3803 1867 3867 acie
1937 3803 2158 3883 honor,
2220 3802 2285 3864 in
2349 3801 2572 3884 clypeo
2636 3821 2758 3865 suo

508 3932 734 4013 efferri,
780 3933 870 3994 ita
915 3949 1241 3994 summum
1291 3928 1568 3993 dedecus
1615 3928 1683 3991 in
1731 3946 1951 4011 pugna
1997 3927 2181 3991 illum
2230 3925 2555 3991 abiecisse.
2605 3926 2760 3991 Post

509 4058 775 4124 biduum
825 4056 1070 4121 demum
1117 4057 1460 4139 Augustus
1506 4060 1783 4139 apparet,
1830 4056 1868 4117 i.
1895 4073 1981 4118 e.:
2033 4073 2162 4117 non
2215 4054 2448 4117 mansit
2489 4054 2556 4115 in
2584 4071 2760 4117 exer-

507 4187 676 4250 citus
745 4185 849 4249 sui
918 4183 1171 4265 vicinia,
1237 4182 1409 4265 quod
1472 4181 1664 4265 pedes
1725 4181 1898 4244 haud
1945 4179 2138 4244 dubie
2182 4180 2388 4244 facere
2436 4178 2761 4261 debuerat,

508 4311 621 4375 sed
668 4311 948 4375 multum
997 4309 1229 4373 erravit
1275 4313 1338 4372 et
1384 4326 1496 4392 per
1540 4308 1766 4390 longas
1808 4305 2109 4390 ambages
2148 4305 2229 4369 ad
2269 4310 2478 4369 castra
2502 4305 2759 4369 tandem

514 4438 716 4503 rediit.
777 4436 967 4501 Redit
1025 4434 1291 4500 abiectis
1348 4433 1647 4525 omnibus
1695 4434 1956 4497 honoris
2002 4431 2387 4516 insignibus,
2439 4432 2627 4509 unde,
2676 4450 2765 4494 se·

2536 4545 2571 4595 3
2677 4550 2690 4561 .
