3509 5509
1617 689 1695 752 31

526 901 905 966 Suetonium
979 900 1376 985 significare:
1435 904 1709 981 praeter,
1770 905 2029 983 apparet
2091 919 2172 964 ex
2221 900 2556 983 permultis
2604 899 2779 976 lociS,

526 1049 561 1092 e
633 1028 872 1112 quibus
942 1029 1101 1090 cito:
1173 1027 1340 1110 Aug.
1411 1045 1461 1088 c.
1537 1028 1620 1088 59
1692 1029 1906 1109 (super
1966 1024 2194 1108 templa
2252 1029 2312 1088 et
2370 1044 2545 1107 araS,
2606 1024 2781 1088 ludos

524 1173 761 1238 quoque
808 1191 889 1200 -
940 1151 1456 1233 constituerunt);
1504 1149 1637 1213 Tib.
1687 1171 1738 1212 c.
1792 1151 1826 1211 7
1836 1151 1874 1211 5
1924 1149 2296 1231 (exacerbati
2336 1169 2525 1233 super
2562 1168 2777 1212 memo·

525 1279 691 1341 riam
727 1277 1035 1361 pristinae
1072 1275 1482 1357 crudelitati-3,
1523 1276 1711 1339 etiam
1749 1276 1982 1338 recenti
2012 1275 2387 1354 atrocitate);
2416 1273 2633 1337 Claud.
2657 1293 2707 1336 c.
2744 1275 2772 1335 l

527 1404 742 1488 (super
805 1404 1099 1468 victorias
1159 1403 1368 1487 opima
1428 1421 1666 1486 quoque
1723 1401 1925 1484 spolia
1981 1403 2325 1484 captasse);
2372 1399 2591 1464 Claud.
2640 1420 2691 1462 c.
2740 1402 2777 1462 5

525 1536 741 1614 (super
807 1535 1066 1594 veterem
1134 1529 1438 1614 aequitiae
1509 1533 1723 1591 notam
1792 1527 2109 1591 ebrietatis
2163 1496 2417 1611 ‘qaoque
2483 1533 2540 1589 et
2607 1526 2781 1590 aleae

523 1655 860 1739 infamiam
904 1656 1116 1735 subiit)
1163 1662 1226 1720 et
1271 1655 1461 1735 Nero,
1509 1674 1561 1717 c.
1611 1655 1687 1716 31
1735 1659 1947 1737 (super
1982 1653 2281 1733 fiduciam
2317 1651 2563 1736 imperii
2583 1651 2769 1716 etiam
2858 1712 2868 1721 ,

524 1803 787 1868 spe....
833 1803 1021 1866 opum
1066 1781 1373 1866 impulsus
1419 1784 1551 1863 est).

614 1909 690 1973 In
738 1909 1052 1995 Hispania
1098 1911 1295 1993 igitur
1340 1908 1462 1973 sub
1511 1908 1834 1972 avunculo
1882 1907 2201 1991 stipendia
2237 1907 2777 1990 facienS,Augus-

527 2041 634 2099 tus
696 2036 975 2100 ostendit
1039 2055 1253 2099 veram
1318 2035 1619 2116 indolem,
1679 2053 1808 2097 non
1866 2033 2076 2097 solum
2125 2035 2381 2115 virtute,
2426 2034 2537 2097 sed
2585 2036 2773 2098 etiam

529 2161 883 2244 prudentia.
955 2159 1132 2237 Quae
1202 2174 1413 2225 tamen
1487 2160 1781 2223 breviore
1841 2159 2145 2242 temporis
2208 2160 2411 2242 spatio
2457 2159 2594 2223 fieri
2645 2179 2773 2223 non

527 2287 751 2364 solent,
800 2289 1102 2370 quoniam
1151 2305 1365 2350 veram
1409 2285 1813 2368 prudentiam
1860 2285 2292 2368 virtutemque
2318 2286 2547 2349 melius
2574 2291 2777 2349 osten·

527 2413 677 2477 dere
737 2432 1082 2496 possumus
1128 2410 1424 2496 pluribus
1468 2410 1670 2492 factis,
1719 2429 1911 2493 quam
1962 2429 2113 2492 unc,
2161 2416 2224 2474 et
2272 2410 2443 2494 quod
2492 2429 2777 2494 praeser-

526 2541 638 2602 tim
679 2540 934 2603 iuvenis
982 2557 1237 2619 „empers
1273 2536 1413 2600 belli
1431 2543 1685 2620 propter
1706 2535 2031 2618 aetatem'’,
2057 2543 2333 2600 nontam
2361 2536 2547 2600 facile
2576 2557 2780 2600 avun-

525 2665 764 2746 culum,
814 2665 1072 2728 militem
1124 2664 1602 2747 peritissimum,
1650 2663 1860 2745 qualis
1909 2661 2139 2728 Caesar
2184 2669 2336 2743 erat,
2385 2662 2509 2726 sibi
2559 2663 2774 2726 devin-

526 2794 656 2855 cire
702 2797 963 2875 poterat.
1006 2789 1147 2866 Qua
1186 2790 1264 2854 de
1303 2809 1498 2853 causa
1521 2789 1709 2853 credo
1733 2791 1799 2852 in
1829 2788 2140 2853 vocabulo
2164 2790 2283 2852 cito
2307 2789 2502 2853 latere
2526 2790 2775 2852 vitium.

615 2916 928 3002 Legentes
990 2918 1159 2981 enim
1224 2912 1573 3000 approbata
1627 2914 1833 2979 indole
1896 2916 2199 2979 nimirum
2251 2916 2621 2998 quaerimus
2669 2918 2776 2979 cui

526 3043 806 3107 indolem
855 3061 1039 3107 suam
1087 3040 1450 3126 probaverit
1496 3042 2169 3125 commendaveritque
2208 3042 2595 3125 Augustus?
2623 3041 2779 3105 Post

525 3168 871 3252 approbata
916 3187 1066 3252 ergo
1111 3168 1526 3232 inserendum
1576 3173 1674 3231 est
1719 3185 2072 3251 pronomen
2122 3167 2218 3232 vel
2262 3168 2386 3231 tale
2412 3168 2583 3252 quid.
2612 3167 2770 3231 Cum

525 3294 928 3359 substantivo
999 3292 1374 3357 avunculum
1436 3295 1742 3375 coniungi
1806 3312 1934 3356 non
1982 3298 2204 3376 potest,
2255 3296 2557 3376 quoniam
2611 3293 2775 3357 desi-

525 3422 784 3485 deratur
830 3440 1019 3484 casus
1067 3420 1340 3484 dativus.
1386 3417 1662 3483 Difficile
1699 3424 1913 3483 autem
1956 3438 2082 3483 non
2124 3425 2220 3484 est
2244 3422 2579 3485 restituere
2603 3422 2775 3485 hunc

525 3547 846 3626 dativum,
911 3545 1283 3610 adverbium
1331 3545 1448 3608 cito
1494 3547 1664 3609 enim
1713 3551 2087 3628 corruptum
2136 3552 2233 3610 est
2279 3565 2359 3610 ex
2408 3548 2561 3629 culo,
2610 3566 2777 3631 quae

525 3680 621 3739 est
670 3680 990 3758 postrema
1035 3692 1182 3756 pars
1220 3672 1396 3735 illius
1442 3671 1758 3751 vocabuli,
1800 3671 1972 3755 quod
2015 3674 2401 3755 quaerimus.
2439 3672 2581 3737 Non
2612 3693 2775 3757 opus

525 3804 659 3870 erat
706 3801 1077 3884 Augustum
1126 3797 1460 3862 ostendere
1505 3797 1787 3860 indolem
1830 3796 2145 3861 militibus
2186 3797 2773 3881 comitibusve,nec

524 3925 781 3990 tribuno
853 3926 1046 3989 alicui
1108 3924 1206 3988 vel
1255 3922 1479 4007 legato,
1525 3922 1634 3987 sed
1682 3923 2128 3987 tantummodo
2177 3923 2451 4005 Caesari,
2502 3931 2574 3987 ut
2623 3923 2774 3989 Cae-

525 4068 730 4116 sarem
779 4052 1103 4115 demerere
1147 4054 1377 4133 posset.
1884 4043 1893 4051 ’

615 4177 914 4241 Attamen
962 4195 1081 4240 nec
1127 4175 1510 4240 contendere
1558 4175 1723 4250 volo,
1767 4194 1886 4239 nec
1931 4176 2189 4241 credere
2237 4197 2496 4261 possum
2547 4178 2771 4242 Sueto·

525 4303 704 4365 nium
776 4303 1109 4384 scripsisse
1178 4299 1502 4364 avunculo.
1567 4298 1681 4362 Bis
1740 4300 1807 4361 in
1876 4319 2005 4363 una
2066 4305 2381 4367 sententia
2430 4305 2769 4387 repetitum

523 4426 907 4491 vocabulum
977 4426 1148 4490 haud
1212 4425 1404 4489 dubie
1468 4429 1789 4488 auctorem
1848 4425 2232 4509 offendisset,
2280 4451 2409 4512 qua
2457 4431 2535 4494 de
2582 4450 2776 4494 causa
