3509 5509
1617 663 1697 724 57

985 875 1139 935 tune
1199 869 1556 936 exulantem
1621 871 1780 955 leyt‘t,
1842 872 2381 956 iuterroyutusque
2442 873 2523 936 ab
2587 893 2653 938 eo
2698 893 2785 937 au

978 1003 1182 1061 essent
1246 997 1358 1060 alii
1401 997 1728 1080 deffluere&
1771 1018 1873 1061 su
1900 1018 2031 1063 um
2076 1018 2510 1082 quemque
2557 999 2789 1064 iudi-

985 1122 1215 1186 cium
1261 1122 1596 1187 habere
1641 1114 1977 1207 respondit.

624 1369 853 1434 Denuo
903 1371 1200 1434 venimus
1248 1370 1326 1434 ad
1374 1371 1586 1434 locum
1635 1370 1713 1434 de
1762 1390 1890 1453 quo
1936 1370 2080 1435 fuse
2128 1371 2617 1454 disputaverunt
2666 1370 2786 1433 viri

542 1496 724 1559 docti.
791 1495 1214 1560 Consentiunt
1261 1515 1484 1561 omnes
1527 1496 1660 1562 fere
1705 1499 2085 1581 interpretes
2134 1497 2238 1560 hic
2287 1497 2667 1580 partie-ulam
2706 1515 2793 1560 au

541 1622 836 1704 scriptam
885 1640 1024 1686 esse
1070 1640 1185 1706 pro
1231 1641 1463 1686 annon.
1512 1621 1742 1686 Nostra
1795 1641 2055 1706 quoque
2104 1627 2326 1704 aetate,
2372 1623 2439 1684 in
2488 1623 2823 1685 recentis--

541 1748 701 1810 sima
770 1747 957 1810 Vitae
1017 1748 1301 1831 Augusti
1348 1748 1644 1830 editione,
1692 1768 1886 1831 quam
1937 1749 2185 1812 curavit
2236 1749 2332 1810 vir
2378 1748 2789 1811 doctissimus

539 1871 612 1935 E.
682 1871 742 1935 S.
812 1871 1241 1956 Shuckburgh
1305 1872 1726 1956 (Cambridge,
1793 1873 2017 1956 1896.)‚
2062 1874 2337 1957 legimus
2387 1875 2453 1936 in
2501 1874 2790 1956 prolego-

543 2000 766 2081 menis,
815 1999 925 2063 ubi
975 2020 1174 2082 pauca
1209 2005 1438 2076 ,monet
1480 2000 1686 2064 editor
1723 2000 1803 2064 de
1840 1998 2130 2064 Suetonii
2157 2000 2478 2064 scribendi
2505 2001 2788 2064 ratione:

547 2124 686 2205 „for
728 2143 945 2188 annon
989 2126 1069 2189 he
1115 2126 1228 2188 has
1275 2124 1426 2188 affl.
1472 2125 1598 2190 Sed
1645 2124 1867 2190 nullus
1914 2125 2081 2190 alius
2127 2127 2196 2188 in
2236 2124 2543 2190 Suetonio
2570 2144 2791 2188 occur-

541 2251 626 2313 rit
691 2249 892 2332 locuS,
964 2249 1076 2327 ubi
1147 2251 1239 2314 sio
1306 2250 1596 2333 loquitur
1656 2255 1720 2314 et
1766 2249 2034 2314 firmiter
2079 2269 2242 2333 nego
2290 2268 2373 2314 ex
2420 2251 2619 2313 unius
2666 2250 2792 2312 loci

544 2376 839 2461 exemplo
907 2375 1159 2441 efficere
1227 2376 1472 2460 aliquid
1540 2377 1734 2440 licere
1797 2377 1875 2441 de
1922 2377 2251 2460 scriptoris
2298 2376 2480 2457 stylo.
2530 2375 2795 2440 Monent

545 2507 609 2565 et
673 2507 922 2566 veteres
990 2507 1055 2566 et
1123 2503 1512 2567 recentiores
1582 2503 1995 2586 interpretes:
2075 2501 2225 2583 „Au
2272 2520 2460 2586 saepe
2506 2501 2633 2564 diei
2678 2520 2793 2584 pro

545 2645 784 2708 aunon,
854 2633 925 2691 ut
993 2619 1106 2706 οἶμαι
1176 2646 1290 2710 pro
1361 2619 1450 2706 αἶρ’
1512 2627 1574 2690 οὐ
1636 2632 1698 2690 et
1744 2627 2083 2690 enclitioon
2130 2645 2210 2690 ue
2253 2646 2367 2709 pro
2414 2645 2617 2690 nonne
2663 2645 2792 2690 non

547 2752 837 2836 ignotum
911 2760 1009 2817 est
1079 2759 1140 2817 et
1212 2758 1384 2837 patet
1451 2772 1502 2818 e.
1549 2774 1608 2837 g.
1669 2772 1704 2817 e
1768 2750 2093 2817 Ciceronis
2153 2753 2326 2817 loco:
2390 2751 2487 2817 De
2549 2751 2795 2837 officiiS,

548 2877 682 2942 Lib.
745 2878 794 2943 Ι.
849 2899 903 2945 e.
977 2880 1076 2962 15,
1140 2882 1198 2962 5,
1249 2880 1359 2943 ubi
1404 2881 1716 2963 legimus:
1773 2878 2131 2962 „Quidnam
2162 2930 2178 2947 .
2208 2930 2224 2947 .
2254 2928 2268 2944 .
2298 2927 2314 2943 .
2361 2880 2569 2945 faeere
2616 2880 2795 2945 debe-

550 3005 743 3068 mus?
788 3005 896 3067 An
942 3006 1179 3069 imitari
1233 3024 1419 3090 agros
1463 3005 1706 3069 fertiles
1725 3004 1800 3068 ?”
1848 3004 1973 3070 Sed
2023 3007 2135 3069 vix
2180 3006 2284 3069 hio
2319 3006 2503 3070 locus
2526 3005 2797 3090 probare

548 3136 756 3217 potest
804 3131 976 3215 quod
1025 3132 1250 3196 volunt
1296 3132 1480 3215 docti,
1527 3152 1673 3196 nam
1720 3134 1858 3217 ipse
1905 3138 2002 3197 est
2048 3133 2285 3197 dubius
2333 3138 2397 3196 et
2440 3137 2796 3215 corruptus.

560 3258 830 3343 Vulgata
875 3264 1043 3324 certe
1090 3259 1196 3323 hio
1244 3260 1477 3323 omittit
1522 3278 1670 3341 nou,
1718 3259 1831 3323 sed
1875 3260 2091 3343 plures
2139 3260 2266 3323 iam
2314 3258 2567 3323 codices
2607 3259 2796 3322 aliam

549 3384 853 3468 praebent
919 3385 1280 3466 lectionem,
1351 3404 1628 3469 quorum
1701 3386 2077 3448 auctoritate
2147 3386 2344 3465 nisae,
2417 3384 2797 3447 vetustiores

553 3530 811 3596 quoque
858 3511 1188 3594 editiones„
1236 3511 1376 3574 dieo
1423 3513 1737 3593 Ascensii,
1785 3510 2170 3594 Faooiolatii,
2222 3509 2475 3593 Oliveti,
2496 3510 2801 3592 Ernestii,

552 3639 965 3702 inseruerunt
1029 3656 1176 3719 uon,
1246 3657 1439 3720 quam
1511 3637 1847 3702 lectionem
1922 3643 2139 3701 nostro
2214 3638 2471 3701 saeculo
2534 3638 2800 3701 retinuit

513 3841 516 3845 ι
555 3761 619 3827 Ο.
668 3762 853 3827 Beier
899 3761 1188 3846 (Lipsiae,
1239 3764 1449 3842 1820).
1494 3761 1742 3828 Revera
1789 3783 2015 3846 parum
2065 3769 2210 3847 apte
2257 3764 2360 3826 hie
2407 3763 2589 3826 locus
2630 3781 2799 3826 com-

553 3894 813 3973 paratus
885 3893 982 3952 est
1028 3908 1176 3952 cum
1224 3884 1516 3953 Suetonii
1561 3889 1719 3972 loco,
1766 3891 1945 3953 varia
1989 3890 2161 3953 enim
2209 3890 2406 3953 variis
2450 3889 2608 3953 locis
2654 3909 2799 3952 nar-

556 4020 799 4098 rantur,
846 4016 1150 4099 variaque
1196 4020 1610 4099 quaeruntur.

645 4141 740 4205 Ea
785 4146 1106 4208 autemst
1153 4142 1355 4207 multa
1399 4143 1540 4225 alia,
1587 4162 1752 4227 quae
1798 4144 1867 4205 in
1914 4141 2435 4206 annotationibus
2478 4159 2799 4205 commen-

558 4268 866 4351 tariisque
909 4272 1344 4331 tractaverunt
1393 4269 1512 4330 viri
1560 4267 1726 4331 docti
1767 4268 2021 4332 silentio
2068 4269 2409 4353 praeterire
2434 4286 2803 4351 possumus,

435 4452 438 4457 .
562 4394 734 4479 quod
804 4396 1020 4458 minus
1080 4394 1161 4457 ad
1207 4412 1340 4457 rem
1386 4394 1647 4458 faciunt.
1695 4393 1770 4457 Id
1820 4414 2021 4458 unum
2072 4393 2509 4478 quaerendum
2555 4399 2683 4457 est:
2732 4392 2801 4457 Si
