3509 5509
1563 710 1644 772 19

919 928 976 986 et
1051 922 1324 1005 perenni
1401 921 1728 1000 opprobrio
1812 927 1868 984 et
1953 920 2041 983 ad
2120 920 2390 982 omnium
2461 919 2724 982 convitia

924 1048 1207 1132 emposito.

567 1288 734 1352 Satis
781 1287 1056 1350 obscura
1102 1287 1256 1350 haec
1302 1287 1616 1350 sententia
1664 1290 1780 1349 est.
1824 1284 2005 1349 Sicut
2046 1305 2222 1348 nunc
2244 1304 2383 1348 eam
2410 1284 2724 1368 legimus:

480 1414 883 1496 opprobrium
939 1433 1130 1496 yrave
1189 1417 1248 1476 et
1293 1432 1566 1492 perenne
1612 1412 1953 1492 expositum
1998 1417 2088 1475 est
2132 1410 2219 1474 ad
2262 1411 2542 1474 omnium
2589 1429 2731 1473 con-

480 1541 653 1621 vitia,
701 1539 873 1623 quod
923 1558 1051 1622 quo
1099 1538 1285 1602 modo
1333 1537 1471 1602 fieri
1515 1539 1732 1621 possit,
1776 1557 1876 1602 me
1918 1557 2181 1621 prorsus
2224 1557 2351 1600 non
2380 1537 2736 1620 intelligere

483 1666 714 1730 lubens
776 1665 1095 1728 confiteor.
1159 1659 1311 1727 Sine
1373 1664 1568 1727 dubio
1617 1664 2115 1728 contubernium
2166 1662 2533 1726 Nicomedis
2582 1661 2735 1725 an-

485 1811 692 1856 sarem
755 1809 1076 1874 exponere
1126 1792 1332 1874 potuit
1379 1791 1458 1852 ad
1507 1792 1798 1853 omnium
1847 1791 2163 1864 convitia3
2213 1790 2425 1873 ipsum
2476 1775 2737 1872 quoque

486 1918 981 1982 contubernium
1054 1917 1290 2001 exponi
1361 1918 1570 2000 potuit
1637 1918 1716 1980 ad
1783 1917 2083 2000 convitia,
2148 1916 2259 1980 sed
2324 1915 2503 1979 nullo
2551 1916 2737 1977 modo

489 2044 899 2128 opprobrium
965 2045 1202 2127 exponi
1266 2042 1386 2106 dici
1453 2048 1674 2126 potest.
1741 2041 1914 2118 Quid
1962 2043 2081 2106 hoc
2128 2042 2250 2106 sibi
2299 2042 2472 2105 vult:
2521 2059 2740 2120 oppro-

491 2170 698 2233 brium
767 2169 854 2233 ad
917 2169 1192 2233 omnium
1252 2170 1524 2232 convitia
1568 2168 1953 2249 expositum?
1997 2167 2318 2232 Nimirum
2369 2169 2488 2230 hoc
2535 2167 2743 2231 dicere

495 2296 700 2360 voluit
769 2300 1022 2359 auctor:
1100 2294 1608 2360 contubernium
1678 2297 1840 2360 illud
1911 2296 2145 2360 famam
2210 2294 2497 2360 Caesaris
2543 2295 2745 2376 laesit,

497 2424 804 2506 quoniam
846 2423 1029 2506 gravi
1076 2429 1138 2485 et
1183 2424 1448 2505 perenni
1497 2422 1835 2506 opprobrio
1884 2442 2032 2487 eum
2084 2422 2308 2503 affecit,
2354 2428 2547 2504 atque
2594 2441 2741 2486 eum

499 2549 798 2631 exposuit
866 2549 946 2611 ad
1018 2549 1304 2611 omnium
1371 2549 1671 2614 convitia.
1736 2548 1855 2612 Sed
1908 2549 2063 2612 haec
2110 2547 2334 2612 Latine
2380 2547 2572 2610 scribi
2620 2566 2748 2611 non

500 2681 770 2760 possunt
817 2694 892 2738 eo
941 2674 1148 2753 modo,
1197 2694 1325 2758 quo
1374 2693 1550 2740 nunc
1593 2676 1656 2736 in
1700 2680 1883 2738 textu
1925 2675 2156 2738 tradito
2183 2675 2475 2757 legimus.
2508 2672 2751 2747 Vitium

500 2823 651 2887 ergo
700 2802 964 2885 aliquod
1014 2803 1275 2866 haerere
1319 2803 1386 2864 in
1435 2803 1628 2865 verbo
1675 2804 1943 2881 exposito
1991 2804 2295 2885 suspicor.
2347 2800 2515 2877 Quid
2540 2806 2751 2865 autem

503 2930 848 3013 legendum
913 2928 1058 2992 est?
1107 2927 1402 2992 Fortasse
1449 2928 1842 3011 expositum?
1882 2927 2075 2991 Haud
2123 2927 2316 2992 dubie
2364 2928 2517 2991 haec
2568 2928 2756 2990 lectio

505 3054 758 3119 defendi
829 3060 1052 3138 potest.
1118 3052 1371 3137 Optime
1432 3055 1599 3117 enim
1651 3055 1860 3118 dicere
1907 3074 2286 3137 possumus:
2337 3052 2556 3137 Ipsum
2606 3072 2757 3116 con-

504 3181 878 3245 tubernium
949 3182 1310 3263 expositum
1383 3186 1518 3244 erat
1579 3180 1655 3243 ad
1708 3182 1999 3243 omnium
2050 3181 2347 3261 convitia,
2396 3200 2563 3263 quae
2609 3181 2758 3245 inde

507 3307 585 3371 ad
638 3306 970 3371 Gaesarem
1021 3305 1487 3369 redundabant.
1535 3306 1692 3370 Eam
1744 3308 2117 3390 praesertim
2167 3306 2247 3370 ob
2296 3326 2552 3370 causam
2604 3308 2759 3371 haec

509 3433 697 3497 lectio
748 3434 902 3496 mihi
949 3433 1205 3511 arridet,
1245 3434 1418 3516 quod
1464 3433 1791 3498 levissima
1839 3434 2191 3497 mutatione
2237 3435 2488 3497 restitui
2536 3439 2761 3517 potest,

511 3559 621 3623 sed
693 3560 882 3622 etiam
957 3559 1214 3621 malim:
1279 3579 1417 3622 eam
1477 3577 1805 3639 exponam,
1868 3560 1907 3622 i.
1957 3578 2045 3623 e.:
2109 3558 2352 3642 famam
2400 3559 2761 3638 pudicitiae.

513 3683 618 3748 Sic
681 3685 939 3749 tandem
1004 3684 1246 3748 bonum
1312 3704 1573 3749 sensum
1632 3685 1892 3769 praebet
1938 3688 2255 3751 sententia
2302 3694 2535 3753 nostra.
2586 3689 2763 3753 Atta·

519 3782 660 3872 men
690 3897 694 3902 ι
724 3827 1073 3892 pronomen
1144 3830 1280 3873 eam
1349 3812 1538 3874 etiam
1610 3811 1821 3875 omitti
1889 3817 2114 3895 potest,
2183 3832 2329 3876 nam
2400 3832 2589 3877 nemo
2652 3819 2771 3896 est,

509 3935 629 4016 .qui
695 3953 820 3997 non
886 3935 1216 4018 intelligat,
1265 3955 1457 4019 quem
1502 3938 1609 4000 vel
1657 3936 1813 4019 quid
1863 3937 1942 4000 ad
1992 3939 2278 4002 omnium
2332 3940 2609 4003 convitia
2658 3959 2769 4004 ex-

518 4061 818 4142 posuerit.
883 4060 1007 4124 Sed
1066 4061 1334 4126 fortasse
1385 4061 1688 4125 audacior
1733 4063 1991 4127 videtur
2036 4065 2403 4129 coniectura
2449 4086 2771 4148 emonem,

522 4186 693 4271 quod
742 4187 821 4250 de
867 4187 1139 4251 lectione
1184 4188 1520 4267 empositum
1569 4192 1738 4252 certe
1779 4190 2079 4252 contendi
2124 4210 2254 4253 non
2281 4195 2503 4274 potest.
2528 4191 2770 4276 Legen-

523 4310 678 4373 dum
750 4314 919 4395 ergo,
991 4312 1114 4375 nisi
1189 4314 1402 4375 omnia
1464 4332 1565 4377 me
1628 4312 1891 4379 fallunt:
1956 4318 2016 4377 et
2060 4314 2146 4378 ad
2187 4316 2462 4379 omnium
2510 4318 2776 4382 convitia

527 4436 884 4515 expositum.
