3509 5509
1579 699 1666 762 49

491 911 804 993 migravit,
875 909 1043 992 quod
1105 909 1291 973 facile
1336 910 1694 993 intelligere
1743 929 2106 992 possumus,
2154 912 2208 973 si
2256 912 2611 992 cogitamus
2660 910 2775 994 de,

489 1035 685 1099 verbo
733 1035 1148 1118 praecedente
1195 1035 1602 1100 emeritorum.

578 1159 837 1244 Duplici
907 1162 1080 1226 enim·
1149 1161 1336 1224 modo
1408 1161 1527 1224 hoc
1590 1159 1856 1225 verbum
1921 1162 2229 1252 explicari
2294 1166 2519 1244 potest,
2563 1163 2601 1224 i.
2649 1181 2737 1226 e.:

489 1292 818 1370 tamquam
887 1288 1214 1371 genitivus
1283 1289 1579 1351 neutrius
1646 1288 1919 1371 generis,
1988 1288 2090 1351 vel
2153 1294 2482 1371 tamquam
2549 1307 2739 1352 casus

491 1414 828 1477 masculini
897 1415 1164 1497 generis.
1231 1414 1569 1501 Genitivus
1624 1415 1919 1478 neutrius
1966 1415 2219 1496 generis
2266 1415 2369 1478 hic
2418 1413 2738 1498 significat

489 1540 898 1623 simpliciter:
967 1541 1255 1620 praemia
1321 1539 1610 1604 emeritae
1676 1538 1971 1619 militiae3
2033 1559 2240 1623 genus
2303 1541 2732 1604 masculinum

490 1666 662 1729 vult:
711 1666 938 1730 milites
983 1666 1240 1748 emeriti,
1285 1665 1579 1728 veterani.
1621 1663 1775 1730 Sine
1799 1664 1995 1728 dubio
2022 1663 2401 1748 significatio
2426 1666 2737 1748 posterior

490 1792 902 1874 praeferenda
969 1799 1083 1873 est,
1151 1792 1263 1856 sed
1331 1793 1647 1875 glossator
1709 1791 1995 1874 quidam,
2056 1796 2294 1874 putans
2341 1791 2737 1856 emeritorum

491 1919 783 1982 neutrius
851 1937 990 1982 esse
1049 1918 1321 2001 generiS‚
1371 1917 1778 2000 supraposuit
1811 1916 2260 2000 praemiorum,
2307 1923 2380 1981 ut
2425 1917 2737 1982 indicaret

492 2045 877 2109 adiectivum
927 2044 1246 2108 emeritum
1292 2063 1405 2128 pro
1453 2044 1859 2108 substantivo
1908 2045 2215 2127 scriptum
2264 2044 2453 2108 talem
2505 2044 2736 2109 habere

493 2172 1040 2256 significationem.
1089 2170 1333 2248 Quodsi
1381 2189 1530 2234 vera
1569 2177 1736 2234 esset
1776 2170 1962 2234 lectio
2003 2172 2129 2234 iam
2170 2172 2261 2235 sic
2295 2172 2736 2254 pleonasmum

495 2299 893 2381 haberemus,
941 2317 1133 2381 quem
1183 2297 1441 2382 quidem
1492 2297 1730 2360 evitare
1778 2296 2130 2361 studemus.

581 2425 870 2490 Praestat
917 2444 1066 2508 ergo
1113 2423 1514 2506 interpretari
1558 2422 1952 2486 emeritorum
1992 2428 2065 2486 ut
2100 2424 2457 2506 genitivum
2486 2443 2738 2488 mascu-

493 2552 609 2614 lini
677 2552 931 2635 generis
999 2556 1061 2613 et
1129 2549 1484 2632 intelligere
1552 2554 1754 2611 totum
1829 2549 2043 2612 locum
2115 2554 2187 2612 ut
2256 2548 2429 2612 locos
2499 2549 2740 2612 similes

491 2679 733 2740 citatos.
781 2676 1086 2760 Inprimis
1131 2681 1342 2738 autem
1392 2674 1733 2738 delendum
1782 2692 2010 2738 censeo
2052 2674 2493 2753 praemiorum.

857 2935 1007 3021 Gap.
1080 2939 1181 3000 25.
1244 2936 1566 3001 Libertino
1625 2936 1819 3000 milite
1845 2987 1859 3001 .
1890 2986 1904 3000 .
1936 2986 1949 3000 .
1982 2987 1995 3001 .
2058 2936 2152 3001 bis
2194 2957 2351 3001 usus
2395 2943 2520 3002 est:
2562 2938 2743 3002 semel

939 3064 1029 3128 ad
1066 3063 1454 3143 praesidium
1490 3063 1873 3128 coloniarum
1899 3062 2223 3146 Illyricum
2246 3066 2749 3149 continyentium,

940 3191 1166 3254 iterum
1229 3190 1317 3254 ad
1361 3190 1619 3254 tutelam
1665 3190 1845 3270 ripae
1890 3189 2103 3255 Rheni
2143 3190 2465 3270 fluminis,·
2508 3211 2745 3276 eosque,

938 3336 1151 3380 servos
1209 3315 1418 3380 adhuc
1460 3316 1619 3380 viris
1665 3315 2037 3402 feminisque
2077 3316 2599 3396 pecuniosioribus
2644 3317 2745 3380 in-

938 3442 1134 3506 dictos
1178 3464 1255 3507 ac
1300 3444 1434 3507 sine
1477 3462 1656 3508 mora
1699 3444 2140 3526 manumissos,
2163 3444 2279 3508 sub
2298 3444 2507 3524 priore
2528 3444 2748 3509 vexillo

941 3567 1160 3633 habuit
1210 3589 1257 3633 e.
1281 3590 1337 3654 q.
1360 3589 1409 3633 s.

585 3801 781 3866 Hunc
829 3803 1037 3867 locum
1087 3822 1280 3887 prave
1325 3804 1628 3868 traditum
1679 3823 1838 3886 esse,
1885 3824 2072 3869 nemo
2121 3809 2235 3886 est,
2283 3807 2395 3888 qui
2443 3826 2572 3870 non
2614 3825 2751 3871 sen·

495 3929 628 3990 tiat.
703 3928 1059 3992 Abundant
1126 3902 1295 3992 enim
1367 3930 1677 3994 vocabula
1737 3950 1943 3994 servos
1986 3929 2203 3994 adhuc.
2253 3929 2749 4016 Oudendorpius

499 4056 735 4134 tamen,
780 4056 1218 4118 consentiente
1263 4053 1669 4129 Ruhnkenio,
1716 4077 1846 4120 non
1896 4057 2164 4123 delenda
2209 4076 2283 4123 ea
2306 4058 2419 4122 sed
2445 4059 2751 4122 mutanda

499 4178 768 4261 putavit,
830 4181 1293 4263 proposuitque
1354 4180 1724 4246 lectionem:
1792 4181 1880 4245 ad
1926 4180 2036 4246 hoc
2079 4202 2305 4264 servos,
2354 4202 2520 4267 quae
2566 4184 2752 4247 lectio

504 4304 850 4386 meliorem,
895 4303 1406 4388 lucidioremque
1453 4308 1834 4370 sententiam
1886 4326 2016 4370 non
2062 4307 2288 4371 reddit.

591 4428 746 4513 EgO,
792 4431 984 4494 etiam
1035 4434 1254 4493 contra
1304 4450 1704 4495 summorum
1754 4433 2039 4496 virorum
2080 4435 2544 4514 auctoritatem,
2570 4434 2758 4498 credo

2532 4544 2565 4595 4
