3509 5509
1580 716 1657 776 51

367 996 385 1010 ·
485 946 630 989 rum
701 944 959 988 narrare
1014 925 1217 986 voluit
1265 916 1486 986 auctor
1534 923 1612 986 de
1658 925 1803 1002 reis,
1852 927 2128 1005 quorum
2182 923 2385 986 multo
2433 929 2580 986 ante
2629 941 2739 984 no-

487 1053 660 1115 mina
730 1051 934 1115 delata
1004 1055 1203 1129 erant,
1265 1050 1442 1132 taleS,
1501 1049 1724 1134 quales
1772 1055 2228 1112 commemorat
2272 1049 2342 1111 in
2389 1047 2741 1112 Domitiani

485 1179 636 1259 vita,
698 1197 830 1261 cap.
895 1179 966 1240 9:
1023 1179 1172 1258 „rei,
1219 1178 1333 1259 qui
1381 1181 1529 1239 ante
1577 1176 2101 1258 quinquennium
2152 1176 2523 1258 proximum
2572 1174 2743 1257 apud

486 1304 800 1368 aerarium
848 1301 1361 1387 pependissent.''
1409 1300 1548 1364 Hac
1597 1301 1675 1365 de
1722 1299 2207 1384 significatione,
2255 1300 2354 1364 vel
2402 1302 2616 1384 potius
2664 1300 2742 1364 de

488 1430 605 1493 hac
650 1428 1011 1512 explicandi
1060 1430 1305 1491 ratione
1351 1428 1520 1491 inter
1565 1445 1635 1490 se
1680 1427 2097 1490 consentiunt
2143 1427 2267 1489 viri
2315 1426 2504 1508 docti,
2550 1427 2743 1490 inter-

487 1561 695 1638 pretes
743 1559 871 1617 tam
921 1559 1166 1617 veteres
1214 1572 1405 1635 quam
1453 1553 1875 1631 recentiores3
1928 1553 2047 1615 hoc
2095 1570 2245 1635 ergo
2292 1571 2419 1614 non
2447 1556 2544 1616 est
2570 1553 2743 1636 quod

490 1699 744 1764 quaere,
791 1680 902 1744 sed
949 1699 1100 1763 rogo
1150 1699 1305 1742 num
1359 1678 1519 1742 bene
1543 1677 1771 1742 Latine
1793 1678 1918 1741 dici
1942 1680 2145 1761 possit
2168 1677 2522 1742 diuturnus
2544 1677 2746 1743 reus?

576 1805 774 1870 Estne
842 1806 995 1868 haec
1059 1804 1296 1868 locutio
1356 1809 1694 1886 argenteae
1742 1802 2156 1866 Latinitatis?
2203 1801 2487 1885 Minime,
2532 1823 2744 1888 neque

489 1950 699 2012 aurea,
742 1948 954 2013 neque
1001 1936 1299 2013 argentea
1349 1927 1689 1993 Latinitate
1730 1935 1901 1993 recte
1943 1929 2136 1992 scribi
2161 1931 2371 2013 potuit
2396 1930 2745 1994 diuturnus

488 2075 652 2119 reue.
721 2055 1080 2138 Nusquam,
1142 2074 1354 2139 neque
1401 2055 1571 2138 apud
1619 2053 2019 2137 Suetonium,
2067 2074 2278 2138 neque
2323 2057 2494 2140 apud
2542 2057 2739 2120 alium

493 2184 862 2267 scriptorem
912 2183 1107 2246 huius
1153 2182 1494 2245 locutionis
1534 2183 1903 2265 exemplum
1931 2183 2357 2265 inveniemus,
2382 2184 2484 2246 hic
2509 2186 2743 2248 unicus

493 2312 703 2372 exstat
749 2309 951 2391 locus,
999 2307 1110 2371 ubi
1156 2305 1510 2370 diuturnus
1558 2308 1795 2371 dicitur
1842 2307 1920 2371 de
1969 2326 2254 2391 persona.

581 2433 844 2518 Semper
896 2433 1417 2516 coniungentium
1466 2437 1562 2497 est
1609 2433 1999 2497 adiectivum
2049 2432 2394 2498 diuturnus
2416 2453 2563 2497 cum
2592 2434 2740 2498 sub-

493 2563 791 2643 stantivo,
837 2560 1009 2643 quod
1055 2559 1373 2642 significat
1419 2562 1676 2640 statum,
1723 2558 1969 2642 factum
2016 2559 2116 2623 vel
2142 2559 2460 2641 actionem,
2484 2560 2565 2623 ad
2590 2561 2745 2623 haec

494 2687 897 2751 substantiva
943 2684 1385 2749 tantummodo
1435 2685 1722 2770 quadrat,
1771 2705 1897 2748 non
1940 2685 2018 2749 ad
2060 2705 2411 2770 personam.
2438 2685 2543 2750 Sic
2567 2687 2746 2771 loqui

494 2832 859 2897 possumuS,
907 2817 980 2876 ut
1027 2812 1298 2895 legimus
1347 2812 1517 2894 apud
1566 2818 1883 2894 nostrum,
1923 2812 2001 2876 de
2046 2809 2355 2877 diuturna
2392 2812 2747 2878 valetudine

495 2938 738 3019 (Galba,
806 2957 938 3020 cap.
1012 2938 1105 3016 3),
1172 2936 1250 2999 de
1311 2940 1442 2999 tam
1505 2936 1815 3001 diuturno
1858 2938 2060 3018 spatio
2106 2939 2375 3021 (Caesar,
2424 2959 2556 3022 cap.
2606 2939 2746 3019 68);

497 3066 590 3129 sic
659 3065 933 3149 legimus
1005 3062 1178 3146 apud
1241 3060 1608 3127 Ciceronem
1659 3063 1778 3145 (De
1824 3065 2084 3129 divinat.
2132 3065 2181 3129 Ι.
2228 3085 2279 3128 c.
2328 3067 2473 3145 49):
2529 3063 2749 3147 „Quae

496 3195 704 3257 extis.
731 3241 744 3255 .
771 3240 822 3254 ..
873 3193 1420 3275 praesentiuntur,
1465 3190 1620 3254 haec
1667 3195 1883 3255 notata
1930 3195 2086 3255 sunt
2124 3191 2569 3256 observatione
2610 3192 2749 3255 diu-

496 3316 766 3397 turna’';
842 3317 938 3383 vel
1009 3316 1179 3400 apud
1242 3317 1521 3381 eundem
1581 3314 1701 3397 (De
1748 3316 2108 3399 Senectute,
2154 3336 2289 3400 cap.
2344 3318 2479 3398 19):
2534 3316 2750 3397 „Nihil

500 3446 653 3508 mihi
701 3444 1080 3507 diuturnum
1129 3443 1402 3525 videtur,
1447 3445 1513 3505 in
1566 3463 1695 3527 quo
1743 3448 1841 3506 est
1882 3443 2126 3525 aliquid
2152 3441 2577 3507 extremum.”
2600 3442 2746 3506 Non

500 3570 755 3634 difficile
825 3574 922 3633 est
975 3574 1283 3632 sexcenta
1331 3569 1527 3633 huius
1577 3569 1666 3632 rei
1715 3568 1940 3632 afferre
1989 3569 2285 3651 exempla
2330 3567 2442 3632 sed
2488 3568 2752 3631 minime

498 3694 682 3758 facile
726 3698 823 3759 est
868 3693 1140 3757 alterum
1190 3693 1492 3776 praebere
1538 3694 1910 3777 exemplum
1966 3702 2143 3776 usus,
2189 3712 2378 3777 quem
2406 3693 2753 3758 Suetonius

499 3821 775 3885 traditur
823 3821 1019 3884 huius
1065 3820 1360 3883 adiectivi
1406 3819 1648 3884 fecisse.

603 3945 962 4011 Diuturnus
1003 3965 1152 4009 reus
1199 3966 1325 4009 non
1374 3951 1471 4011 est
1517 3945 1742 4010 Latine
1789 3946 2031 4010 dictum
2072 3952 2135 4011 et
2159 3946 2341 4010 valde
2366 3948 2561 4010 miror
2582 3948 2755 4010 hunc

505 4073 714 4137 locum
786 4092 900 4157 per
961 4074 1177 4136 omnia
1237 4072 1495 4137 saecula
1559 4075 1872 4137 mansisse
1920 4074 2254 4154 intactum,
2302 4092 2421 4136 nec
2470 4093 2756 4156 unquam

504 4200 848 4264 offendisse
920 4200 1123 4263 ullum
1195 4201 1634 4283 interpretum.
1711 4198 2032 4283 Equidem
2104 4218 2482 4283 persuasum
2557 4199 2757 4264 habeo

511 4326 845 4389 lectionem
921 4325 1375 4389 diuturnorum
1435 4345 1695 4409 pravam
1762 4344 1922 4408 esse,
1982 4331 2318 4410 ortamque
2378 4345 2413 4389 e
2457 4326 2759 4409 pluribus

511 4449 858 4529 vocabulis,
946 4468 1127 4532 quae,
1213 4451 1658 4515 remotissimis
1727 4450 2123 4534 temporibus
2196 4451 2359 4513 male
2430 4451 2768 4535 descripta,
