3509 5509
1530 704 1613 765 47

444 913 688 978 cludere
754 914 914 978 nihil
965 913 1325 998 significare
1371 915 1496 978 nisi
1533 913 1961 998 praecludere,
2006 913 2221 996 sepire,
2264 913 2551 998 obsepire,
2597 915 2695 978 in-

443 1041 754 1122 tersepire‚
822 1047 1100 1105 attamen
1175 1060 1483 1125 quaerere
1534 1027 1771 1105 velim:
1835 1041 2096 1106 Licetne
2143 1042 2247 1105 hic
2292 1044 2570 1124 cogitare
2616 1042 2695 1106 de

443 1165 909 1250 significatione
995 1166 1281 1260 praefixi,
1366 1188 1554 1251 quam
1645 1169 1992 1250 nominavi,
2078 1186 2244 1252 quae
2329 1187 2539 1251 neque
2614 1167 2693 1230 ab

443 1298 744 1376 argentea
826 1291 1184 1374 Latinitate,
1267 1312 1478 1376 neque
1563 1315 1600 1356 a
1684 1293 1974 1358 Suetonii
2060 1294 2366 1378 loquendi
2448 1297 2695 1359 ratione

441 1419 649 1482 aliena
709 1419 840 1482 sit?

529 1543 895 1608 Praefixum
960 1545 1127 1608 inte-r
1187 1545 1353 1608 hanc
1416 1544 1944 1628 significationem
2009 1545 2241 1610 habere
2304 1547 2545 1610 scimus
2608 1565 2690 1610 ex

440 1673 720 1734 auctoris
792 1673 998 1735 nostri
1060 1672 1234 1735 loco:
1297 1673 1658 1755 AugustUS,
1707 1692 1841 1755 cap.
1890 1674 1994 1754 24,
2046 1672 2156 1736 ubi
2205 1674 2510 1756 legimus:
2570 1693 2691 1754 „ne

439 1797 792 1881 legatorum
844 1799 1102 1883 quidem
1153 1800 1451 1882 cuiquam
1480 1848 1492 1862 .
1521 1847 1532 1860 .
1562 1848 1614 1862 ..
1655 1801 1946 1882 permisit
1973 1819 2239 1863 uxorem
2267 1799 2689 1882 intervisere,''

439 1924 611 2006 quod
680 1929 809 1988 est:
869 1945 992 2008 per
1059 1923 1458 1989 intervallum
1527 1925 1804 1988 revisere.
1875 1923 1981 1988 Sic
2047 1925 2468 2008 intelligimus
2519 1925 2689 1990 unde

435 2048 637 2114 forma
704 2050 891 2114 clusit
959 2057 1095 2114 orta
1163 2053 1246 2114 sit
1315 2056 1508 2134 atque
1558 2051 1731 2115 unde
1780 2050 2164 2114 vocabulum
2212 2055 2323 2132 ter,
2371 2052 2481 2116 sed
2530 2071 2687 2135 quo·
2748 2105 2757 2114 .

439 2178 606 2240 niam
669 2178 1180 2242 vetustissimum
1227 2183 1322 2241 est
1370 2179 1620 2258 vitium,
1665 2197 2019 2261 omnesque
2066 2178 2186 2243 hoc
2231 2178 2372 2241 loco
2420 2197 2687 2243 consen-

437 2303 609 2366 tiunt
654 2303 923 2385 codices,
967 2323 1324 2386 numquam
1376 2322 1759 2387 magnopere
1804 2302 2138 2367 lectionem
2178 2323 2436 2386 pravam
2479 2307 2687 2388 suspi-

434 2430 560 2492 cati
628 2436 781 2494 sunt
849 2431 970 2492 viri
1042 2430 1231 2512 docti,
1276 2429 1388 2493 sed
1435 2432 1649 2512 potius
1695 2449 2013 2493 summam
2066 2436 2383 2493 navarunt
2430 2449 2683 2513 operam

440 2560 509 2618 ut
554 2560 722 2620 recte
785 2557 1357 2639 interpretarentur
1419 2558 1822 2621 sententiam.
1871 2554 1995 2631 Qui
2047 2561 2255 2619 tamen
2306 2556 2467 2620 bene
2514 2559 2685 2639 cogi-

437 2682 666 2745 taverit
733 2680 811 2746 de
879 2682 1003 2746 loci
1072 2681 1445 2747 difficultate
1489 2682 1554 2745 in
1603 2701 1672 2745 re
1719 2682 2021 2744 historica
2066 2687 2127 2745 et
2176 2682 2681 2766 orthographica,

433 2807 619 2872 facile
666 2808 911 2872 videbit
957 2814 1207 2872 textum
1257 2809 1561 2872 traditum
1613 2807 1868 2873 defendi
1915 2828 2043 2870 non
2087 2827 2273 2892 posse
2312 2813 2375 2872 et
2412 2791 2682 2873 fortasse

435 2952 683 2997 mecum
731 2934 1016 2999 censebit
1059 2934 1400 3017 legendum
1451 2953 1625 2999 esse:
1673 2933 2042 2998 interclusit.

520 3058 742 3124 Restat
825 3067 898 3124 ut
981 3060 1186 3125 levem
1274 3062 1726 3124 correctionem
1800 3058 2217 3123 adhibeamus
2290 3059 2535 3125 verbis:
2608 3061 2681 3124 in

431 3186 624 3250 multo
677 3188 949 3251 breviore
995 3187 1285 3271 temporis
1330 3186 1547 3265 spatie.
1597 3184 1885 3249 Delenda
1936 3186 2105 3249 enim
2156 3191 2251 3249 est
2296 3188 2680 3269 praepositio

428 3313 518 3395 in,
580 3315 749 3378 sicut
810 3316 936 3378 iam
999 3315 1251 3377 monuit
1314 3312 1432 3376 Vir
1493 3312 1660 3378 Clar.
1711 3310 2132 3377 Cornelissen.
2180 3311 2370 3376 Haud
2421 3312 2680 3377 difficile

431 3447 529 3507 est
581 3441 901 3525 explicare
948 3461 1076 3524 quo
1123 3440 1310 3504 modo
1360 3441 1425 3502 in
1473 3444 1722 3503 textum
1770 3440 2113 3522 irrepserit.
2163 3438 2491 3503 Glossator
2538 3441 2677 3522 qui-

431 3569 594 3650 dam,
661 3569 881 3652 legens
944 3565 1138 3631 verba
1183 3572 1279 3631 ter
1321 3565 1522 3646 clusit,
1571 3584 1767 3648 supra
1813 3568 2062 3627 textum
2114 3566 2371 3647 scripsit
2416 3564 2673 3647 signum

427 3694 546 3778 III,
607 3698 680 3758 ut
736 3693 1048 3756 indicaret
1108 3710 1447 3755 numerum
1509 3695 1652 3754 tres
1699 3688 1843 3753 Hoc
1888 3690 2147 3773 signum
2193 3709 2388 3773 prave
2433 3690 2671 3753 lectum

428 3826 491 3884 et
531 3821 923 3884 intellectum
973 3824 1087 3902 est,
1130 3820 1221 3883 ita
1267 3822 1340 3882 ut
1387 3836 1540 3881 mox
1582 3821 1897 3881 mutatum
1942 3818 2113 3881 sitin
2140 3816 2669 3900 praepositionem

428 3949 510 4029 in,
579 3965 745 4030 quae
811 3966 849 4009 a
917 3946 1266 4009 recentiore
1330 3963 1522 4007 manu
1571 3944 1638 4006 in
1686 3947 1936 4007 textum
1986 3944 2223 4007 inserta
2268 3947 2381 4006 est.
2428 3941 2672 4006 Verum

427 4074 751 4137 enimvero
817 4071 1019 4135 multo
1081 4072 1293 4153 potius
1361 4074 1567 4133 totum
1641 4070 1762 4133 hoc
1832 4069 2336 4133 additamentum
2387 4071 2672 4153 ineptum

427 4204 618 4283 atque
686 4198 1007 4262 insulsum
1079 4216 1114 4261 e
1181 4201 1365 4261 textu
1431 4214 1861 4260 amoveamus.
1919 4194 2149 4271 Quivis
2209 4197 2379 4259 enim
2446 4197 2677 4260 sentiet

424 4325 959 4408 comparationem
1022 4324 1190 4385 inter
1249 4326 1491 4405 septem
1541 4321 1811 4402 saecula,
1858 4321 2011 4385 inde
2056 4319 2135 4383 ab
2184 4320 2343 4384 urbe
2404 4322 2678 4404 condita,

424 4455 487 4514 et
557 4449 978 4533 quadraginta
1049 4466 1272 4529 annos,
1340 4466 1452 4530 per
1500 4467 1662 4530 quos
1731 4449 2023 4530 regnavit
2092 4447 2450 4530 AugustuS,
2509 4448 2677 4511 olere
