3509 5509
1641 686 1723 746 59

925 1003 1072 1086 Cap.
1117 1004 1218 1066 56.
1277 1003 1649 1087 Numquam
1689 1003 1854 1082 fiilios
1900 1022 2041 1066 suos
2080 1002 2311 1085 populo
2360 1003 2807 1066 commendavit

999 1132 1074 1192 ut
1116 1148 1238 1192 non
1285 1128 1590 1193 adiceret:
1636 1125 1708 1192 Si
1751 1127 2170 1191 merebuntur.
2220 1125 2477 1191 Eisdem
2513 1135 2805 1212 praetex-

999 1255 1148 1317 tatis
1213 1253 1421 1317 adhuc
1488 1256 1915 1316 assurrectum
1975 1253 2055 1316 ab
2100 1252 2409 1317 universis
2454 1254 2525 1316 iu
2572 1252 2810 1318 theatro

999 1385 1058 1442 et
1098 1399 1141 1442 a
1185 1377 1492 1442 stantibus
1527 1377 1848 1461 plausum,
1888 1377 2255 1460 yravissime
2300 1382 2559 1462 questus
2604 1384 2710 1442 est.

647 1638 885 1703 Omnes
954 1645 1302 1722 assurgunt
1369 1643 1758 1722 spectatores
1825 1643 1895 1701 ut
1955 1638 2263 1722 principis
2309 1637 2459 1701 filiis
2507 1638 2808 1720 plausum

559 1763 727 1828 dent.
789 1762 918 1827 Res
981 1769 1078 1828 est
1138 1765 1489 1846 notissima,
1543 1765 1732 1827 cuius
1779 1765 1904 1826 iam
1958 1764 2342 1826 mentionem
2389 1762 2542 1826 fecit
2590 1745 2809 1827 Cicero

559 1891 624 1951 in
671 1889 984 1974 Epistulis
1029 1890 1109 1953 ad
1157 1892 1466 1972 Atticum,
1512 1888 1647 1953 Lib.
1694 1889 1781 1970 H,
1826 1909 1959 1974 cap.
2018 1890 2117 1972 19,
2164 1889 2274 1953 ubi
2322 1894 2569 1952 narrat:
2618 1888 2811 1970 „an-

561 2036 664 2080 sar
712 2036 915 2099 quum
967 2018 1248 2081 venisset
1295 2023 1547 2080 mortuo
1593 2016 1845 2101 plausu,
1894 2014 2085 2079 Curio
2125 2016 2301 2080 filius
2339 2020 2436 2080 est
2459 2017 2811 2081 insecutus.

560 2142 733 2206 Huic
801 2144 892 2206 ita
934 2143 1234 2227 plausum
1282 2149 1397 2225 est,
1445 2147 1533 2225 ut,
1581 2143 1760 2206 salva
1806 2161 1874 2206 re
1920 2142 2193 2226 publica,
2240 2141 2546 2227 Pompeio
2591 2143 2811 2227 plaudi

560 2267 879 2348 solebat'';
929 2273 992 2332 et
1038 2267 1135 2332 De
1182 2269 1503 2351 Amicitia,
1549 2269 1586 2350 ξ
1637 2271 1740 2351 24,
1788 2268 1901 2332 ubi
1947 2269 2257 2352 legimus:
2316 2268 2610 2350 „Stantes
2634 2269 2813 2352 plau-

561 2395 797 2460 debant
843 2396 909 2458 in
957 2414 1027 2458 re
1072 2395 1252 2459 ficta:
1304 2395 1460 2478 quid
1508 2394 1895 2459 arbitramur
1942 2397 2008 2458 in
2041 2414 2188 2459 vera
2210 2394 2493 2460 facturos
2517 2395 2720 2460 fuisse
2738 2394 2812 2458 Ρ”

438 2599 442 2604 ,
561 2523 814 2587 Stantes
875 2541 1026 2605 ergo
1074 2523 1370 2605 plausum
1423 2521 1591 2585 dant.
1641 2520 1767 2584 Sed
1814 2521 1913 2585 bis
1958 2523 2124 2585 hanc
2169 2541 2306 2588 rem
2357 2521 2543 2586 nobis
2592 2529 2810 2586 narrat

561 2649 630 2710 in
691 2667 823 2712 una
885 2647 1200 2711 sententia
1262 2644 1627 2711 Suetonius.
1690 2644 2133 2709 Assurrectum
2180 2645 2255 2710 ab
2299 2645 2617 2710 universis
2663 2651 2727 2710 et
2773 2666 2814 2709 a

561 2772 874 2837 stantibus
922 2775 1238 2857 plausum,
1288 2773 1460 2856 quod
1507 2774 1813 2836 nimirum
1864 2773 2006 2838 luce
2052 2773 2289 2838 clarius
2330 2779 2441 2837 est.
2470 2771 2597 2849 Qui
2620 2773 2815 2838 semel

564 2907 1060 2965 assurrexerunt
1128 2919 1257 2963 non
1326 2901 1453 2964 iam
1524 2899 1751 2965 sedent
1813 2906 1875 2964 et
1935 2904 2272 2985 postquam
2322 2906 2817 2966 assurrexerunt

565 3025 844 3089 universi
911 3025 1090 3089 nullo
1145 3027 1351 3123 ‘modo
1416 3026 1556 3090 fieri
1609 3026 1819 3108 potuit
1868 3030 1939 3090 ut
1982 3026 2135 3090 filiis
2183 3027 2466 3110 Augusti
2513 3027 2816 3110 plaudere

563 3158 826 3235 possent
870 3151 1188 3216 sedentes,
2625 3143 2632 3150 ’

655 3276 798 3354 Qua
865 3278 944 3342 de
1012 3298 1208 3343 causa
1276 3280 1568 3363 suspicor
1629 3279 1773 3344 leve
1832 3280 2059 3343 vitium
2124 3280 2319 3345 latere
2364 3282 2435 3344 in
2484 3280 2813 3345 vocabulis

565 3424 608 3468 a
653 3403 980 3487 stantibus,
1024 3406 1395 3488 praesertim
1447 3405 1620 3488 quod
1663 3405 1978 3469 vocabula
2015 3406 2123 3469 illa
2163 3425 2293 3470 non
2318 3408 2564 3499 integra
2590 3406 2819 3490 legun-

567 3536 671 3593 tur
730 3532 800 3593 in
862 3531 1192 3595 nonnullis
1252 3530 1582 3594 codicibus
1630 3537 1694 3595 et
1739 3533 2196 3596 vetustissimis
2245 3532 2656 3614 editionibu8‚
2707 3532 2819 3595 ubi

565 3658 966 3721 invenimus:
1014 3655 1387 3720 astantibus.
1436 3655 1833 3740 Praepositio
1883 3657 2015 3720 illic
2061 3657 2347 3721 adhaesit
2387 3657 2604 3740 verbo,
2647 3657 2819 3721 unde

568 3783 946 3848 concludere
992 3784 1197 3847 audeo
1247 3782 1398 3847 olim
1452 3803 1655 3846 unum
1704 3783 2151 3847 tantummodo
2191 3782 2575 3847 vocabulum
2603 3784 2815 3846 locum

569 3910 857 3972 tenuisse
919 3909 1123 3971 nostri
1185 3927 1226 3970 a
1286 3907 1621 3991 stantibus,
1667 3927 1786 3972 nec
1833 3909 1945 3973 diu
1995 3907 2433 3993 quaerendum
2484 3913 2581 3972 est
2630 3907 2818 3993 quale

567 4034 763 4101 fuerit
827 4036 948 4100 hoc
997 4034 1396 4100 vocabulum.
1447 4034 1841 4101 Gravissime
1889 4039 2158 4119 questus
2206 4040 2301 4100 est
2349 4035 2691 4119 Augustus
2741 4036 2819 4099 de

573 4164 790 4227 nimiis
836 4162 1206 4245 honoribus,
1255 4162 1494 4247 quibus
1539 4161 1655 4226 filii
1702 4163 1805 4227 sui
1846 4183 1881 4226 a
1922 4164 2159 4247 populo
2178 4162 2607 4245 afficerentur,
2627 4168 2820 4245 atque

571 4287 806 4351 idcirco
867 4287 1136 4352 verbum
1185 4288 1527 4372 legendum
1574 4294 1730 4374 puto
1778 4290 1966 4353 cuius
2014 4308 2245 4354 sensus
2293 4291 2565 4353 maiores
2613 4288 2823 4352 adhuc

577 4413 798 4478 reddat
844 4432 952 4478 eos
998 4413 1285 4479 honores.
