3509 5509
1854 674 1939 736 42

769 903 912 946 rum
980 887 1204 946 auctor
1275 883 1607 948 mulierem
1678 887 2091 965 nominasset,
2162 904 2289 948 non
2340 885 2700 968 scripsisset
2747 893 3014 952 temere:

767 1007 1062 1090 mulieriS,
1125 1013 1449 1092 tamquam
1515 1010 1591 1074 de
1653 1011 1919 1075 muliere
1966 1009 2222 1074 infimae
2268 1009 2655 1074 conditionis
2703 1017 3018 1095 ageretur.

852 1134 996 1198 Hoe
1055 1136 1268 1219 ipsum
1327 1154 1562 1199 nomen
1625 1141 1739 1219 est,
1790 1137 1962 1220 quod
2008 1138 2397 1221 quaerimus.
2445 1135 2528 1200 Et
2573 1157 2745 1201 unus
2793 1140 3015 1204 saltem

764 1265 861 1325 est
929 1262 996 1323 in
1066 1280 1339 1325 numero
1393 1262 1833 1345 interpretum,
1884 1264 1996 1346 qui
2047 1268 2258 1327 veram
2314 1262 2530 1327 mendi
2575 1268 2869 1329 naturam
2920 1267 3015 1329 in-

765 1387 1100 1469 tellexerit,
1165 1385 1306 1450 Nic.
1376 1386 1720 1453 Heinsium
1789 1389 1945 1451 dieo,
2017 1387 2082 1452 Is
2143 1388 2320 1452 solus
2369 1388 2528 1451 vidit
2572 1389 2637 1451 in
2688 1388 3018 1454 vocabulis

762 1513 1046 1578 mulieris
1101 1513 1268 1576 servi
1315 1512 1511 1577 latere
1558 1533 1791 1578 nomen
1840 1516 2168 1598 proprium
2217 1513 2710 1578 nomenclatoris
2757 1515 3015 1579 domini.

761 1638 1024 1703 Domini
1070 1640 1515 1703 tantummodo
1562 1658 1798 1703 nomen
1846 1639 2086 1704 bonum
2137 1638 2439 1723 praebere
2486 1659 2745 1704 sensum
2794 1645 3018 1723 potest.

848 1765 952 1828 Ex
1018 1768 1382 1830 coniectura
1450 1784 1674 1829 verum
1748 1784 1979 1829 nomen
2052 1766 2387 1830 restituere
2454 1785 2585 1829 non
2650 1785 3015 1849 possumus,

761 1889 1026 1955 Latetne
1092 1892 1160 1953 in
1233 1889 1542 1954 vocabulo
1605 1889 1884 1954 molieris
1936 1890 2247 1954 Aemilii?
2295 1888 2501 1953 Nemo
2548 1891 2683 1954 soit.
2731 1889 2804 1952 In
2853 1891 3019 1954 servi

755 2015 967 2080 Servii
1039 2016 1138 2080 vel
1202 2014 1473 2080 Severi?
1520 2015 1726 2081 Nemo
1776 2021 1891 2099 est,
1937 2019 2050 2099 qui
2097 2015 2481 2098 respondere
2528 2017 2744 2099 possit.
2790 2015 3013 2081 Nesoi-

761 2161 906 2206 mus
977 2146 1039 2205 et
1108 2140 1376 2206 fortasse
1427 2161 1801 2224 numquam
1871 2141 2035 2228 illud
2102 2159 2339 2204 nomen
2408 2143 2837 2225 inveniemuS,
2901 2143 3013 2207 sed

761 2266 955 2331 verba
998 2265 1279 2358 mulieris
1323 2267 1488 2331 servi
1538 2272 1675 2330 orta
1721 2285 1863 2330 esse
1910 2285 1945 2330 e
1995 2268 2254 2331 nomine
2292 2268 2549 2351 proprio
2576 2273 2873 2352 corrupto
2899 2288 3013 2352 pro

761 2399 932 2456 certo
1004 2391 1320 2456 affirmare
1384 2393 1606 2457 audeo.
1670 2390 2023 2456 Deleantur
2069 2411 2220 2476 ergo
2265 2393 2421 2457 haec
2469 2392 2681 2475 verba,
2728 2393 3010 2478 legatur:

760 2518 849 2582 ad
916 2525 1254 2583 ecctremum
1321 2518 1651 2598 Telephi..
1683 2569 1736 2583 ..
1811 2518 2305 2601 nomenclatoris,
2369 2538 2580 2603 usque
2626 2520 2707 2583 ad
2755 2525 3010 2604 tempus

761 2652 907 2730 quo‘
939 2665 974 2710 e
1021 2649 1207 2711 novis
1255 2645 1559 2729 fontibus,
1606 2647 1820 2710 adhue
1858 2648 2219 2731 incognitis,
2258 2665 2479 2710 verum
2509 2647 2751 2710 domini
2776 2666 3009 2711 nomen

760 2775 1014 2839 tandem
1066 2774 1340 2839 effodere
1383 2775 1752 2858 poterimus.

1121 2961 1273 3041 Gap.
1333 2962 1435 3024 21.
1504 2961 1635 3027 Nec
1702 2961 1819 3025 ulli
1878 2961 2051 3044 yenti
2117 2962 2255 3025 sine
2314 2962 2499 3025 iustis
2544 2966 2602 3025 et
2644 2964 3015 3026 necessariis

1200 3089 1411 3152 causis
1471 3088 1694 3153 bellum
1751 3087 1987 3173 intulit,
2052 3093 2419 3173 tantumque
2466 3086 2639 3173 afuit
2686 3111 2728 3153 a
2774 3090 3012 3170 cupidi-

1202 3219 1327 3278 tate
1391 3235 1633 3300 quoquo
1693 3216 1870 3280 modo
1918 3215 2245 3299 imperium
2290 3215 2383 3280 vel
2426 3215 2702 3280 bellicam
2744 3216 3012 3299 gloriam

1202 3341 1494 3426 auqendi,
1559 3346 1630 3405 ut
1696 3341 2097 3422 quorundam
2140 3342 2551 3407 barbarorum
2590 3342 2904 3427 principes
2946 3343 3013 3406 in

1201 3468 1352 3532 aede
1417 3468 1662 3533 Martis
1731 3468 1963 3535 Ultoris
2007 3470 2226 3533 iurare
2268 3470 2524 3552 coeyerit
2568 3490 2902 3535 mansuros
2949 3492 3013 3535 se

1201 3593 1270 3657 in
1310 3592 1436 3674 fide
1479 3614 1556 3658 ae
1589 3614 1771 3678 paee,
1816 3615 2007 3679 quam
2046 3599 2342 3678 peterent,
2388 3616 2427 3659 a
2471 3594 2845 3680 quibusdam
2869 3617 3009 3662 vero

1197 3739 1421 3785 novum
1480 3739 1679 3803 yenus
1745 3720 2042 3804 obsidum,
2110 3721 2403 3805 feminaS,
2467 3692 2707 3805 exi9ere
2752 3729 3010 3808 tempta-

1196 3848 1375 3929 verit,
1443 3848 1606 3932 quod
1673 3848 1985 3931 neqleyere
2052 3869 2303 3913 marum
2352 3850 2627 3934 pignera
2672 3850 2975 3915 sentiebat
2988 3870 3010 3928 ,·

1108 3965 1114 3970 ’
1197 3981 1254 4039 et
1297 3980 1504 4039 tamen
1543 3978 1906 4054 potestatem
1951 3995 2191 4060 semper
2230 3976 2514 4041 omnibus
2537 3977 2703 4061 fecit,
2726 3980 3011 4063 quotiens

1196 4099 1420 4165 vellent
1463 4100 1696 4165 obsides
1741 4101 2100 4181 recipiendi.

842 4287 1048 4352 Multa
1130 4288 1408 4372 legimus
1481 4288 1549 4351 in
1621 4294 1916 4353 veterum
1983 4290 2405 4373 interpretum
2478 4289 3005 4355 annotationibus

754 4416 1108 4497 spectantia
1154 4414 1234 4478 ad
1283 4415 1718 4498 quaestionem
1774 4419 1989 4479 utrum
2038 4433 2259 4480 revera
2303 4417 2424 4480 hoc
2461 4435 2669 4501 genus
2709 4416 3004 4481 obsidum
