3509 5509
1904 697 1987 758 20

1175 1026 1321 1109 Cap.
1393 1027 1496 1099 56.
1567 1025 1848 1111 Reliquit
1908 1034 1966 1091 et
2009 1047 2223 1091 rerum
2267 1047 2528 1091 suarum
2575 1030 3055 1112 commentarios,

1257 1150 1495 1216 Gallici
1537 1152 1852 1237 civilisque
1897 1152 2038 1217 belli
2088 1153 2471 1234 Pompeiani.

891 1383 1122 1450 Denuo
1169 1387 1515 1451 incidimus
1561 1388 1628 1450 in
1670 1389 1787 1451 hac
1825 1391 2142 1453 sententia
2182 1391 2249 1452 in
2276 1391 2659 1454 vocabulum
2688 1411 2814 1454 non
2842 1391 3049 1455 solum

801 1530 1064 1593 prorsus
1133 1531 1628 1595 supervacuum,
1703 1513 1812 1577 sed
1885 1515 2074 1577 etiam
2148 1514 2403 1578 lectoris
2472 1536 2659 1581 aures
2706 1517 3049 1581 offendens.

803 1635 974 1700 lllud
1022 1637 1392 1716 Pompeiani
1435 1639 1941 1702 insulsissimum
1989 1646 2085 1703 est
2124 1639 2459 1706 emblema.
2481 1641 2849 1724 Numquam
2878 1643 3047 1705 enim

800 1763 939 1845 ipse
1010 1761 1240 1827 Caesar
1300 1763 1539 1827 bellum
1588 1763 1776 1827 civile
1823 1764 1947 1827 alio
1997 1765 2254 1828 nomine
2300 1766 2655 1828 nominavit
2702 1785 2892 1848 quam
2940 1765 3050 1829 illo

797 1889 988 1972 civile,
1060 1891 1232 1973 quod
1303 1891 1545 1954 bellum
1617 1910 1766 1955 cum
1828 1891 2133 1974 Pompeio
2177 1898 2429 1974 gestum
2478 1891 2703 1974 fuisse,
2749 1891 3049 1954 omnibus

798 2016 1124 2100 Romanis,
1188 2020 1377 2082 etiam
1434 2020 1809 2083 recentioris
1871 2020 2094 2083 aetatis
2157 2019 2393 2102 optime
2438 2023 2660 2081 notum
2709 2017 2848 2080 fuit.
2896 2017 3048 2081 Sine

800 2143 997 2207 dubio
1047 2143 1279 2208 Caesar
1324 2164 1470 2208 cum
1520 2144 1664 2208 aliis
1708 2162 1966 2227 quoque
2011 2143 2177 2208 bella
2223 2144 2439 2206 civilia
2483 2145 2701 2227 gessit,
2750 2143 2861 2207 sed
2908 2143 3045 2206 illo·

797 2289 941 2333 rum
1015 2269 1326 2334 bellorum
1390 2271 1882 2334 commentarios
1944 2288 2073 2332 non
2136 2270 2403 2352 scripsit.
2452 2267 2707 2332 Bellum
2757 2269 2962 2350 civile,
3009 2288 3045 2331 a

797 2394 1064 2460 Caesare
1134 2395 1521 2479 descriptum
1596 2415 1800 2459 unum
1864 2401 2112 2459 tantum
2178 2401 2274 2458 est
2320 2401 2513 2478 atque
2560 2394 2756 2457 scribi
2803 2396 3041 2477 potuit;

794 2523 908 2584 hac
972 2523 1050 2586 de
1097 2541 1166 2586 re
1211 2540 1399 2586 nemo
1447 2521 1738 2586 dubitare
1785 2525 2006 2606 potuit.
2055 2522 2393 2585 Praeterea
2440 2520 2672 2584 Caesar
2717 2540 3039 2585 commen-

792 2648 972 2711 tariis
1035 2649 1172 2712 suis
1231 2649 1558 2732 inscripsit
1617 2648 1873 2712 titulum
1929 2646 2220 2730 „Bellum
2268 2645 2516 2728 civile”‚
2562 2666 2689 2710 non
2745 2647 3037 2728 „Bellum

789 2775 978 2839 civile
1049 2774 1558 2858 Pompeianum”
1629 2776 1731 2840 vel
1808 2774 2101 2855 „Bellum
2172 2772 2680 2857 Pompeianum”
2744 2781 2806 2839 et
2866 2776 3039 2838 hunc

788 2902 1069 2985 titulum,
1130 2922 1167 2965 a
1229 2901 1497 2966 Caesare
1551 2903 1860 2986 scriptum
1909 2908 1973 2966 et
2020 2902 2211 2985 lippis
2259 2921 2331 2965 ac
2376 2901 2746 2966 tonsoribus
2795 2908 3039 2986 notum,

790 3030 984 3092 citare
1055 3028 1258 3092 voluit
1329 3027 1695 3092 Suetonius.
1766 3027 1965 3092 Nulla
2011 3027 2303 3093 exstabat
2363 3047 2557 3092 causa
2616 3047 2730 3092 cur
2778 3028 3039 3093 adderet

786 3159 1010 3217 auctor
1056 3154 1219 3216 hanc
1267 3152 1699 3217 definitionem
1743 3154 2127 3237 Pompeiani,
2168 3154 2319 3237 quia
2343 3154 2523 3217 nullo
2548 3154 2736 3217 modo
2762 3154 3033 3219 dubium

784 3299 923 3344 esse
993 3280 1198 3363 potuit
1266 3282 1458 3342 cuius
1507 3279 1655 3344 belli
1703 3281 1913 3344 civilis
1961 3281 2347 3344 mentionem
2396 3279 2617 3344 fecerit
2662 3278 3029 3345 Suetonius.

783 3405 989 3483 Quam
1063 3407 1144 3470 ob
1214 3426 1347 3471 rem
1419 3407 1605 3471 credo
1667 3408 2082 3491 glossatorem
2134 3406 2453 3491 quendam
2502 3407 3032 3491 suprascripsisse

781 3533 1170 3617 Pompeiani,
1241 3537 1314 3597 ut
1382 3533 1692 3598 indicaret
1759 3534 1824 3597 id
1888 3532 2127 3597 bellum
2175 3533 2460 3596 voluisse
2506 3538 2851 3614 auctorem,
2898 3552 3024 3597 non

781 3679 980 3723 unum
1051 3678 1135 3724 ex
1203 3659 1346 3724 aliis
1417 3658 1704 3724 Caesaris
1769 3659 1955 3723 bellis
2012 3658 2332 3723 civilibus.
2395 3657 2645 3722 Nomen
2696 3659 3022 3743 proprium

776 3804 926 3869 ergo
976 3785 1319 3849 delendum
1369 3804 1614 3850 consec.

1136 4043 1287 4128 Gap.
1335 4046 1437 4107 58.
1485 4045 1571 4108 In
1615 4044 1917 4110 obeundis
1961 4046 2450 4126 expeditionibus
2496 4046 2749 4110 dubium
2785 4046 3023 4110 cautior

1215 4188 1304 4232 an
1387 4170 1740 4253 audentior,
1824 4172 2158 4235 exercitum
2240 4191 2437 4256 neque
2512 4192 2633 4256 per
2714 4171 3021 4235 insidiosa

1211 4294 1445 4358 itinera
1514 4296 1693 4360 duxit
1749 4317 2031 4382 unquam
2075 4297 2199 4362 nisi
2233 4299 2706 4383 perspeculatus
2748 4297 3017 4363 locorum

1209 4419 1388 4501 situ-3,
1454 4440 1654 4504 neque
1702 4420 1770 4484 in
1818 4422 2237 4486 Britanniam
2283 4424 2651 4506 transvexit,
2696 4422 2826 4486 nisi
2868 4430 3017 4487 ante
