3509 5509
1800 676 1883 784 τε

1784 909 1885 971 IV.

805 1091 1044 1175 cicere,
1090 1089 1188 1156 De
1234 1090 1516 1174 Oratore,
1561 1091 1611 1156 Ι.
1664 1093 1721 1174 1,
1772 1094 1845 1156 3:

804 1267 818 1282 .
845 1267 858 1282 .
885 1265 899 1282 .
924 1267 938 1282 .
963 1219 1076 1300 qui
1133 1239 1246 1303 per
1304 1238 1422 1282 nos
1473 1238 1516 1281 a
1561 1218 1872 1282 eornmuni
1910 1221 2077 1297 peste
2118 1216 2360 1302 depulsi
2402 1218 2470 1281 in
2514 1221 2748 1282 nosmet
2790 1218 2958 1296 ipsos

716 1343 1162 1409 redundarent.

805 1467 1225 1534 Scribendum
1276 1475 1466 1552 puto:
1515 1470 1643 1554 qui,
1681 1488 1797 1550 per
1819 1486 1934 1533 nos
1956 1470 2270 1533 communi
2278 1475 2453 1553 peste
2474 1469 2735 1549 depulsa
2759 1492 2803 1533 e.
2830 1491 2885 1554 q.
2914 1491 2966 1537 s.

1792 1691 1870 1754 V.

801 1847 1043 1930 Livius,
1089 1847 1274 1912 XXI.
1325 1851 1383 1932 5,
1431 1850 1505 1914 9:

803 1972 1050 2038 Verba:
1116 1974 1462 2059 castrisque
1518 1995 1707 2059 super
1771 1975 1979 2058 ripam
2035 1975 2256 2054 positis
2317 1993 2507 2038 suum
2573 1973 2782 2037 locum
2837 1991 2960 2035 non

713 2104 952 2182 tenent,
996 2100 1290 2184 ponenda
1337 2105 1491 2164 sunt
1536 2105 1681 2185 post
1725 2100 1986 2166 traiecit.

1787 2323 1890 2382 VI.

804 2503 1094 2568 Velleius
1141 2503 1544 2584 Paterculu8‚
1588 2501 1636 2566 Ι.
1686 2505 1746 2584 2,
1794 2505 1867 2566 2:

807 2678 821 2692 .
846 2678 859 2692 .
886 2677 900 2692 .
928 2677 942 2692 .
967 2605 1406 2708 immixtus-que
1447 2628 1672 2691 eastris
1718 2627 1983 2691 hostium
2028 2627 2103 2692 de
2142 2627 2482 2704 industria,
2517 2625 2966 2706 imprudenter,

715 2754 922 2819 rimam
967 2754 1136 2818 ciens
1181 2754 1588 2835 interemptus
1633 2759 1739 2819 est.
2418 2742 2424 2748 ⁶

805 2881 1175 2967 Legendum
1246 2901 1511 2946 censeo:
1581 2880 2021 2962 immixtusque
2088 2881 2311 2944 eastris
2381 2879 2667 2961 hostium,
2726 2879 2800 2943 de
2863 2880 2961 2944 in-

715 3007 964 3071 dustria
1009 3007 1218 3071 rixam
1265 3008 1450 3089 ciens,
1497 3008 1902 3087 interemptus
1944 3010 2051 3071 est.

1764 3216 1905 3281 VII.

803 3372 1084 3455 CurtiuS,
1134 3372 1251 3436 ΙΠ.
1306 3374 1364 3455 1,
1414 3374 1528 3436 13:

804 3547 819 3563 .
843 3548 857 3563 .
883 3548 897 3563 .
923 3548 937 3563 .
961 3518 1122 3584 quae
1190 3499 1342 3583 quia
1399 3498 1745 3563 continenti
1809 3497 2125 3577 adhaeret,
2183 3498 2295 3563 sed
2353 3518 2587 3581 maqna
2650 3520 2728 3562 ex
2776 3502 2967 3583 parte

715 3627 991 3710 einyitur
1030 3624 1339 3709 fluctibus,
1384 3626 1639 3706 speciem
1684 3624 1933 3690 insulae
1975 3624 2240 3705 praebet.

804 3752 1052 3816 Iniuria
1094 3750 1143 3816 Ι.
1189 3749 1487 3816 Keelhoff
1523 3750 1772 3830 (Revue
1819 3752 1898 3815 de
1942 3749 2318 3835 Philologie,
2364 3749 2551 3833 XXI,
2596 3752 2656 3834 1,
2694 3772 2831 3836 pag.
2859 3753 2965 3829 37)

715 3878 869 3960 quia
912 3879 1086 3941 inter
1129 3876 1321 3941 verba
1364 3875 1476 3941 sed
1520 3880 1585 3939 et
1627 3896 1862 3959 mayna
1909 3879 2283 3962 transponit.

1763 4074 1921 4135 VIII.

803 4258 1142 4324 Horatiani
1189 4256 1506 4321 Carminis
1549 4255 1669 4339 111,
1711 4255 1795 4318 26
1838 4256 2178 4320 eonsilium
2221 4262 2286 4321 et
2307 4261 2760 4340 argumentum
2789 4276 2878 4322 vs.
2911 4259 2964 4321 1.

718 4384 1102 4450 vocabulum
1142 4381 1372 4463 puellis
1422 4384 1643 4468 poscit,
1691 4384 2026 4447 lectionem
2079 4381 2301 4446 duellis
2345 4384 2607 4467 respuit.
