3509 5509
1832 633 1979 722 56'

757 889 906 954 ergo
970 870 1203 933 citatus
1261 887 1389 931 non
1456 870 1610 933 satis
1657 868 1913 933 lucidus
1960 875 2056 934 est
2103 876 2164 934 et
2213 856 2515 934 mendum
2565 871 2763 933 latere
2812 869 2998 934 credo

748 997 816 1060 in
866 995 1175 1060 vocabulo
1221 995 1336 1058 die.

835 1120 1525 1205 circumscriptionem,
1618 1120 2054 1185 definitionem
2142 1122 2515 1204 quaerimus
2606 1119 2997 1185 substantivi

747 1246 956 1330 turba,
1004 1251 1074 1310 ut
1121 1247 1401 1310 sciamus
1450 1265 1578 1329 qua
1623 1245 1701 1310 de
1747 1245 1937 1309 turba
1983 1252 2198 1311 narret
2244 1251 2485 1329 auctor,
2533 1265 2723 1329 quam
2775 1245 2999 1309 defini-

747 1374 988 1436 tionem
1034 1372 1406 1435 invenimus
1451 1372 1517 1434 in
1564 1370 2044 1450 sponsaliorum.
2094 1369 2263 1447 Quid
2310 1391 2486 1435 nunc
2512 1371 2635 1435 sibi
2661 1370 2801 1435 vult
2826 1370 2997 1434 abla-

749 1499 922 1562 tivus
992 1495 1139 1560 die?
1207 1495 1403 1578 Nihil,
1473 1497 1584 1560 sed
1647 1499 1941 1580 suspicor
1988 1515 2182 1579 prave
2227 1497 2294 1560 id
2340 1471 2646 1560 traditum
2695 1514 2837 1560 esse
2883 1514 2997 1580 pro

749 1623 880 1694 diu,
928 1622 1098 1705 quod
1149 1623 1374 1686 vitium
1425 1624 1797 1705 saepissime
1843 1623 2080 1705 legitur
2126 1624 2193 1685 in
2240 1622 2421 1686 libris
2462 1621 2615 1686 Mss.
2655 1625 2997 1705 Augustus

748 1748 864 1813 diu
909 1753 1183 1813 vexatus
1230 1753 1342 1812 est.
1393 1746 1563 1824 Quid
1610 1749 1694 1812 sit
1735 1748 1955 1812 vexari
2000 1747 2257 1812 disertis
2306 1748 2516 1812 verbis
2564 1748 2749 1812 nobis
2797 1749 2999 1833 expli-

745 1876 848 1935 cat
891 1872 970 1934 A.
1021 1859 1270 1936 Gellius
1316 1870 1475 1952 (Lib.
1524 1871 1605 1935 H.
1652 1891 1787 1956 cap.
1834 1873 1932 1953 6):
1988 1872 2192 1954 „Nam
2235 1875 2349 1956 qui
2374 1871 2581 1937 fertur
2604 1879 2666 1937 et
2688 1879 2998 1956 raptatur,

748 2003 940 2082 atque
986 1999 1112 2062 huc
1158 2003 1351 2082 atque
1397 1997 1553 2062 illuc
1602 1998 1997 2080 distrahitur,
2043 2000 2099 2062 is
2145 2000 2364 2062 vernari
2407 2001 2659 2084 proprie
2683 1998 2998 2079 dicitur'';

754 2123 924 2188 unde
984 2130 1158 2206 patet
1203 2143 1372 2206 eum,
1421 2126 1534 2208 qui
1582 2143 1807 2189 revera
1858 2128 2129 2188 vexatur
2175 2144 2304 2188 non
2357 2124 2839 2189 breviusculum
2889 2126 3001 2189 ali-

750 2249 927 2314 buod
1008 2255 1283 2335 tempu8‚
1360 2250 1474 2314 sed
1540 2251 1731 2333 paulo
1801 2251 2045 2315 diutius
2114 2269 2227 2333 per
2296 2251 2552 2315 turbam
2620 2251 2997 2335 impeditum

752 2375 970 2440 fuisse.

844 2499 1267 2566 conferantur
1326 2506 1652 2586 praeterea
1713 2501 2017 2566 Claudiae
2076 2503 2369 2586 improba
2416 2502 2610 2567 verba
2656 2503 2725 2565 in
2754 2503 3003 2587 lepida,

755 2628 926 2713 apud
986 2628 1259 2693 eundem
1325 2628 1627 2712 Gellium,
1691 2630 2072 2712 narratione,
2119 2627 2276 2709 (Lib.
2328 2627 2411 2692 X.
2460 2649 2593 2714 cap.
2643 2629 2704 2711 6)
2757 2629 2866 2693 ubi
2915 2631 3007 2692 sic

757 2754 981 2819 ultima
1027 2756 1224 2820 verba
1271 2757 1580 2840 legimus:
1637 2754 1800 2839 „Sed
1850 2758 2118 2840 utinam,
2153 2759 2387 2841 inquit,
2426 2759 2766 2822 reviviscat
2792 2758 3008 2840 frater,

760 2881 1080 2965 aliamque
1141 2882 1409 2947 classem
1471 2884 1536 2945 in
1607 2882 1888 2947 Siciliam
1960 2884 2169 2966 ducat,
2238 2889 2429 2967 atque
2491 2886 2679 2949 istam
2724 2884 3007 2948 multitu·

761 3007 974 3072 dinem
1046 3007 1366 3090 perditum
1437 3014 1556 3091 eat,
1626 3028 1792 3091 quae
1861 3028 1963 3073 me
2032 3011 2195 3075 male
2262 3030 2438 3074 nunc
2509 3012 2803 3075 miseram
2864 3028 3006 3074 oon-

756 3131 1078 3196 vexavit!”

851 3258 925 3321 Id
973 3262 1186 3321 autem
1235 3258 1313 3322 de
1358 3258 1660 3342 Augusto
1706 3258 1900 3321 tradit
1946 3256 2324 3323 Suetonius:
2374 3259 2536 3323 Non·
2568 3262 2688 3325 hoc
2735 3262 2837 3327 die
2883 3262 3005 3347 pri-

768 3406 945 3449 mum
992 3386 1059 3447 in
1107 3384 1296 3448 turba
1342 3389 1618 3448 vexatus
1665 3390 1795 3464 est3
1848 3386 2125 3467 minime,
2170 3386 2518 3449 verisimile
2563 3393 2661 3450 est
2704 3387 2772 3450 id
2797 3390 3005 3454 eiiam

767 3512 1024 3595 saepius
1084 3510 1410 3593 accidisse,
1472 3510 1584 3574 sed
1644 3510 1908 3595 grandis
1966 3512 2093 3573 iam
2145 3518 2301 3575 natu
2353 3512 2674 3593 quondam
2724 3518 2855 3576 tam
2898 3514 3013 3577 diu

766 3642 1040 3701 vexatus
1085 3642 1181 3701 est
1228 3641 1299 3700 ut
1345 3636 1601 3701 tandem
1648 3656 1794 3700 eum
1844 3637 2041 3701 huius
2086 3638 2181 3701 rei
2228 3641 2588 3719 pertaesum
2638 3637 2738 3717 sit,
2781 3656 2907 3718 qua
2933 3637 3010 3703 de

770 3784 964 3829 causa
1011 3764 1288 3828 decrevit
1334 3783 1462 3828 non
1510 3764 1787 3848 amplius
1832 3762 2236 3846 frequentare
2284 3763 2419 3826 dies
2458 3761 2815 3825 sollemnes
2839 3763 3010 3825 Auc-

770 3897 971 3955 torem
1020 3910 1172 3975 ergo
1221 3892 1554 3975 scripsisse
1600 3895 1791 3973 puto:
1837 3889 1909 3953 in
1954 3889 2145 3954 turba
2192 3887 2503 3973 quondam
2547 3886 3010 3971 sponsaliorum
3040 3871 3063 3887 ⁹

770 4018 886 4083 diu
926 4020 1202 4083 vexatus.

1136 4266 1288 4347 Gap.
1339 4268 1439 4332 54.
1492 4266 1813 4331 Antistius
1858 4266 2065 4331 Labeo
2110 4264 2379 4333 Senatus
2424 4266 2690 4344 lectione,
2734 4286 2874 4330 cum
2918 4267 3020 4330 vir

1220 4395 1429 4459 virum
1496 4394 1733 4479 leqeret,
1794 4394 1890 4457 M.
1953 4393 2263 4475 Lepidum
2322 4393 2547 4458 hostem
2592 4394 2738 4457 olim
2782 4393 2916 4457 eius
2960 4396 3020 4456 et
