3509 5509
1901 719 1939 779 2

787 951 1034 1012 sumuS,
1104 936 1176 995 ut
1245 931 1728 1013 antiquissimos
1799 930 2186 1011 eosdemque
2247 930 2515 1012 optimos
2577 927 2773 991 libros
2819 934 3036 992 nostra

787 1058 980 1121 editio
1050 1057 1291 1140 ubique
1359 1063 1421 1119 et
1487 1056 1556 1118 in
1627 1055 1927 1118 omnibus
1997 1055 2189 1119 rebus
2251 1054 2671 1138 aequabiliter
2716 1054 3036 1119 referret.”

784 1182 1097 1245 Videmus
1153 1200 1302 1264 ergo
1348 1178 1653 1243 Rothium
1704 1178 1826 1243 sibi
1876 1199 2005 1242 non
2054 1180 2173 1242 hoc
2220 1181 2631 1263 proposuisse
2679 1185 2751 1241 ut
2798 1181 3032 1242 consti-

781 1312 992 1371 tueret
1038 1312 1307 1389 textum,
1355 1308 1466 1390 qui
1517 1306 1854 1369 meliorum
1902 1306 2193 1369 codicum
2244 1307 2620 1369 auctoritate
2670 1306 2867 1382 nisus
2896 1305 3033 1369 ubi-

781 1453 908 1516 que
977 1434 1279 1497 lectiones
1340 1433 1606 1514 lucidas,
1667 1431 2155 1516 probabilesque
2199 1431 2547 1515 praeberet,
2594 1433 2703 1496 sed
2752 1437 3029 1496 tantum-

784 1559 971 1622 modo
1022 1564 1091 1622 ut
1136 1559 1464 1642 exemplar
1508 1559 1588 1621 ad
1627 1559 1902 1621 litteram
1928 1535 2321 1640 ⁴expressum
2368 1559 2561 1620 unius
2605 1558 2701 1620 vel
2744 1559 3026 1641 plurium

697 1741 710 1754 .
785 1687 1172 1769 optimorum
1219 1685 1512 1748 codicum
1563 1683 1884 1767 proferret.

871 1809 1027 1874 Dux
1087 1812 1196 1876 ille
1256 1812 1443 1893 fiduS,
1506 1831 1697 1895 quem
1764 1811 1886 1874 sibi
1934 1811 2051 1874 hac
2096 1812 2165 1874 in
2212 1829 2281 1874 re
2326 1811 2520 1894 elegit
2565 1816 2805 1891 auctor,
2851 1830 3029 1895 prae-

781 1940 970 2023 cipue
1028 1938 1152 2003 fuit
1211 1941 1491 2022 optimus
1552 1939 1862 2018 omnium,
1912 1937 2116 2001 codex
2162 1936 2605 2001 Memmianus
2656 1937 2761 2000 Sic
2798 1937 2921 2002 fuit
2967 1944 3031 2003 et

781 2066 873 2128 sic
946 2064 1156 2127 adhuc
1223 2070 1321 2129 est
1389 2084 1524 2128 mos
1595 2064 1768 2149 apud
1838 2063 2210 2145 GermanoS,
2273 2066 2385 2147 qui
2448 2066 2662 2128 iurare
2708 2065 2916 2128 solent
2960 2067 3026 2128 in

780 2188 1090 2253 librorum
1162 2191 1603 2253 auctoritatem
1677 2195 1738 2254 et
1811 2191 2004 2273 vulgo
2074 2191 2454 2274 opinantur:
2532 2190 2815 2270 „nullam
2886 2209 3028 2254 esse

779 2316 1074 2399 vulgatae
1134 2317 1444 2394 lectionis,
1507 2336 1588 2381 ne
1648 2318 1713 2380 in
1776 2306 2057 2381 minimis
2105 2318 2363 2400 quidem
2412 2317 2624 2400 rebuS,
2671 2317 3022 2382 habendam

776 2442 1107 2521 rationem,
1155 2442 1279 2504 nisi
1324 2443 1708 2524 optimorum
1759 2441 2068 2505 librorum
2117 2443 2374 2506 accedat
2420 2442 2824 2506 auctoritaS.”

867 2564 1037 2640 Quid
1082 2572 1296 2630 autem
1349 2586 1466 2630 nos
1515 2569 1885 2650 quaerimus
1931 2569 1996 2631 in
2046 2567 2454 2649 editionibuS,
2501 2567 2739 2650 quibus
2788 2570 2880 2631 uti
2923 2588 3025 2631 co-

774 2673 1038 2777 gimur?
1085 2692 1408 2757 Nimirum
1459 2694 1576 2758 boc
1623 2694 1867 2759 solum:
1918 2698 2187 2775 textum,
2238 2694 2487 2759 mendis
2512 2693 2805 2777 liberum,
2831 2713 3019 2778 quem

779 2819 1020 2902 ubique
1074 2820 1430 2903 intelligere
1476 2826 1667 2902 atque
1712 2820 2035 2903 explicare
2081 2820 2424 2904 possimuS,
2472 2821 2723 2903 qualem
2772 2826 3019 2885 textum

776 2946 1077 3029 praebere
1144 2965 1273 3008 non
1346 2952 1569 3029 potest,
1637 2964 1851 3030 neque
1919 2966 2206 3029 unquam
2272 2947 2505 3030 poterit
2569 2966 2741 3009 unus
2802 2947 3025 3027 codex,

775 3091 855 3136 ne
902 3073 1182 3155 optimus
1229 3072 1506 3154 quidem.
1557 3070 1761 3147 Quam
1813 3072 1892 3135 ob
1942 3092 2198 3136 causam
2252 3092 2379 3135 non
2430 3079 2605 3136 tanta
2651 3072 2840 3136 laude
2885 3072 3022 3156 dig-

771 3218 917 3261 nam
966 3205 1122 3281 puto
1169 3199 1532 3279 editionem,
1580 3217 1771 3280 quam
1823 3200 2072 3261 curavit
2109 3196 2402 3277 Rothius,
2440 3198 3021 3280 praesertimquod

774 3325 993 3388 multis
1076 3326 1232 3388 locis
1317 3326 1666 3408 scripturas
1740 3324 2016 3408 praebet,
2086 3345 2247 3408 quas
2315 3344 2527 3407 neque
2593 3326 2730 3407 ipse
2800 3323 3021 3405 editor,

773 3468 983 3533 neque
1045 3451 1219 3513 ull-us
1266 3450 1465 3513 lector
1510 3469 1800 3532 unquam
1847 3450 2201 3534 intelligere
2248 3452 2471 3533 potuit.
2519 3448 2770 3513 Etenim
2822 3448 3021 3513 Mem-

773 3577 970 3639 miani
1031 3576 1334 3639 lectiones
1393 3575 1751 3639 incolumes
1796 3576 2270 3658 inviolataeque
2317 3575 2794 3640 conservandae
2840 3579 3022 3638 erant

773 3707 834 3766 et
897 3703 989 3765 sic
1048 3700 1186 3765 fieri
1247 3706 1455 3785 potuit
1511 3706 1582 3765 ut
1627 3702 1952 3765 interdum
2001 3702 2194 3766 editio
2238 3700 2680 3767 Teubneriana
2724 3699 3021 3784 praebeat

769 3832 1039 3908 textum,
1086 3846 1275 3910 quem
1325 3826 1664 3891 defendere
1708 3828 1888 3891 nullo
1938 3828 2124 3891 modo
2170 3828 2508 3911 possimus.

860 3952 1120 4015 Utinam
1172 3953 1392 4016 saltem
1441 3951 1715 4017 Rothius
1762 3954 2102 4017 editionem
2153 3954 2430 4017 dedisset
2478 3972 2623 4015 cum
2665 3952 3018 4015 annotatio-

770 4078 962 4142 nibus
1009 4084 1071 4143 et
1117 4080 1353 4143 criticis
1399 4085 1462 4143 et
1507 4080 1871 4163 exegeticiS,
1918 4085 2075 4144 tunc
2121 4081 2377 4143 demum
2405 4097 2862 4162 cognossemus
2890 4097 3016 4161 quo

770 4206 957 4268 modo
1007 4206 1217 4269 varios
1261 4206 1408 4269 illos
1456 4206 1630 4270 locos
1677 4206 2185 4289 interpretandos
2232 4225 2372 4270 esse
2416 4207 2554 4289 ipse
2593 4210 2849 4289 putaret
2888 4204 3016 4269 edi-

767 4335 882 4393 tor.
944 4329 1136 4393 Nunc
1197 4348 1366 4412 vero,
1429 4349 1575 4394 cum
1641 4326 2317 4414 legimus'lectionem,
2366 4351 2532 4414 quae
2577 4336 2687 4394 aut
2736 4329 3017 4394 difficilis

768 4456 1114 4537 intellectu,
1176 4461 1286 4519 aut
1349 4455 1574 4519 Latina
1636 4476 1765 4520 non
1822 4458 1922 4539 sit,
1970 4456 2048 4520 ad
2097 4460 2497 4535 coniecturas
2545 4456 3049 4519 decurrendum·
