3509 5509
1863 723 1945 786 50

775 953 984 997 servos
1050 933 1255 998 adhuc
1322 935 1608 1016 ineptum
1679 952 1822 998 esse
1893 933 2396 997 additamentum
2470 933 2861 1016 glossatoris,
2907 934 3018 1016 qui

781 1078 1040 1123 monere
1088 1061 1363 1123 voluerit
1409 1077 1478 1123 se
1526 1059 1687 1124 bene
1734 1059 2090 1143 intelligere
2136 1079 2485 1143 pronomen
2527 1079 2644 1140 eos,
2680 1059 2877 1143 idque
2903 1061 3027 1143 sig-

780 1183 1039 1248 nificare
1083 1204 1289 1248 servos
1333 1190 1482 1248 aute
1524 1185 2089 1248 manumissionem.
2138 1183 2280 1266 Sed,
2325 1186 2450 1248 iam
2502 1187 2656 1249 satis
2696 1186 2817 1248 hoc
2840 1190 3027 1269 patet,

778 1315 841 1373 et
906 1329 1034 1373 non
1107 1311 1318 1373 solum
1389 1311 1549 1374 nihil
1617 1309 1698 1372 ad
1760 1310 2308 1394 interpretandum
2367 1311 2578 1373 locum
2639 1311 2825 1376 nobis
2872 1313 3028 1375 haec

778 1437 1283 1519 circumscriptio
1332 1436 1606 1519 prodest,
1655 1435 1767 1498 sed
1806 1436 1991 1499 etiam
2045 1435 2574 1519 significationem
2625 1435 2939 1500 obscurat.

865 1560 1032 1624 Satis
1101 1561 1314 1624 lucida
1383 1567 1552 1642 sunt,
1624 1579 1791 1646 quae
1861 1564 2077 1624 narrat
2144 1566 2396 1623 auctor:
2474 1563 2810 1645 Augustus
2870 1563 3027 1626 viris

775 1685 1162 1769 feminisque
1233 1686 1570 1749 ditioribus
1641 1687 1914 1769 imperat
1981 1705 2315 1750 servorum
2380 1706 2741 1764 numerum,
2789 1687 3027 1771 quibus

779 1814 982 1877 utitur
1051 1813 1174 1877 sub
1244 1814 1454 1896 priore
1517 1814 1772 1894 vexillo,
1833 1815 1946 1878 sed
1993 1821 2336 1899 antequam
2387 1833 2494 1878 eos
2540 1813 2730 1877 faciat
2777 1813 3030 1896 militeS,

777 1939 958 2019 prius
1005 1939 1418 2021 manumittit,
1463 1938 1931 2022 libertinosque
1969 1939 2194 2006 reddit.

864 2063 1036 2129 Luce
1087 2066 1323 2129 clarius
1370 2071 1485 2146 est,
1533 2070 1606 2129 ut
1651 2070 1829 2148 puto,
1872 2085 1998 2129 non
2047 2086 2211 2150 opus
2260 2086 2401 2130 esse
2427 2067 2877 2131 manumittere
2902 2085 3031 2148 eOS,

778 2192 890 2275 qui
938 2210 1066 2254 non
1115 2190 1389 2273 amplius
1435 2191 1605 2253 servi
1654 2197 1826 2271 sunt,
1876 2192 1988 2273 qui
2035 2191 2161 2256 iam
2209 2191 2348 2254 iure
2390 2190 2669 2254 libertini
2696 2193 3028 2256 nominan-

778 2323 902 2399 tur,
972 2334 1090 2380 nec
1154 2316 1356 2399 magis
1417 2316 1830 2398 perspicuum
1893 2319 2008 2390 est,
2073 2335 2202 2398 quo
2252 2315 2436 2379 modo
2485 2315 2827 2399 Augustus
2876 2317 3028 2380 viris

775 2443 1164 2524 feminisque
1231 2441 1532 2522 indicere,
1599 2442 1637 2504 i.
1689 2461 1777 2505 e.:
1849 2442 2161 2525 imperare
2222 2442 2428 2506 edicto
2477 2445 2756 2526 potuerit
2803 2464 3029 2507 manu-

779 2569 1007 2633 missos
1056 2568 1484 2634 libertinosve.
1533 2569 1608 2631 In
1657 2569 1991 2633 vocabulis
2036 2590 2260 2650 eosque
2293 2570 2562 2633 indictos
2598 2571 2830 2633 assius
2852 2590 3031 2633 mora

776 2696 1189 2760 manumissos
1249 2697 1465 2762 omnia
1512 2696 1805 2781 legimuS,
1852 2696 2091 2782 quibus
2140 2716 2304 2781 opus
2350 2701 2447 2762 est
2493 2696 2572 2760 ad
2618 2696 2828 2759 locum
2882 2715 3027 2760 nos-

775 2830 947 2887 trum
999 2823 1161 2887 bene
1205 2823 1718 2907 intelligendum,
1769 2844 1899 2908 qua
1946 2824 2024 2888 de
2069 2842 2265 2886 causa
2313 2823 2507 2885 miror
2552 2823 2617 2883 in
2668 2820 3027 2883 recentissi-

779 2950 900 3014 mis
944 2968 1204 3032 quoque
1251 2949 1643 3012 editionibus
1689 2948 1902 3012 adhuc
1948 2949 2221 3012 inveniri
2272 2946 2464 3011 verba
2510 2946 2715 3008 citata.

868 3073 1021 3138 Sine
1092 3074 1288 3143 dubio
1350 3094 1500 3157 ergo
1562 3093 1767 3137 servos
1809 3073 2034 3154 adhue,
2081 3079 2404 3155 tamquam
2457 3070 2768 3135 emblema
2814 3069 3025 3132 delen—

781 3200 934 3263 dum
987 3204 1100 3264 est.

1141 3456 1292 3542 Gap.
1365 3460 1467 3522 32.
1554 3456 1837 3522 Tabulas
1908 3464 2175 3522 veterum
2240 3457 2480 3521 aerari-
2518 3458 2877 3538 debitorum,
2938 3454 3032 3519 vel

1220 3586 1629 3665 praecipuam
1695 3584 2134 3649 calumniandi
2191 3584 2539 3671 materiam,
2582 3584 2852 3661 eoeussit,·
2879 3631 2893 3645 .
2922 3630 2936 3646 .
2966 3628 2982 3645 .
3012 3628 3026 3643 .

1225 3710 1678 3775 diuturnorum
1723 3729 1973 3774 reorum
2018 3714 2077 3774 et
2121 3731 2198 3774 ex
2242 3730 2511 3795 quorum
2558 3708 2847 3774 sordibus
2868 3706 3033 3771 nihil

1221 3835 1405 3900 aliud
1447 3856 1637 3920 quam
1682 3836 1968 3916 voluptas
2007 3836 2282 3901 inimicis
2325 3842 2741 3921 quaereretur
2764 3835 3025 3899 uomina

1226 3962 1502 4044 abolevit,
1570 3963 1924 4027 emidieioue
1981 3964 2325 4047 proposita,
2392 3967 2468 4027 ut
2533 3964 2593 4026 si
2650 3982 2832 4047 quem
2892 3961 3031 4041 quis

1222 4094 1496 4169 repetere
1538 4088 1730 4171 vellet,
1772 4109 1901 4172 par
1939 4089 2291 4169 perieulum
2326 4108 2565 4169 poenae
2608 4087 2858 4153 subiret.

870 4323 1036 4401 Quid
1083 4330 1180 4389 est
1225 4324 1568 4389 diuturnus
1612 4323 1813 4389 reus?
1858 4324 2004 4389 Non
2056 4344 2293 4409 quaero
2342 4346 2471 4409 quo
2512 4326 2701 4389 modo
2742 4325 3028 4389 hocloco

780 4450 974 4514 verba
1020 4453 1212 4513 citata
1259 4451 1641 4533 explicanda
1689 4453 1837 4532 sint,
1882 4471 2029 4515 nam
2078 4446 2233 4516 baec
2280 4459 2431 4515 sunt
2455 4452 2799 4536 perlucida.
2825 4452 3028 4516 Nimi-
