3509 5509
1867 656 1907 717 8

707 932 710 936 ,
762 865 835 927 Ε.
904 865 962 928 J.
1035 867 1213 942 Brill,
1281 865 1508 946 iseo),
1571 865 1650 928 de
1711 865 1849 928 loco
1898 873 2150 929 nostro:
2207 863 2647 945 „Exciderunt
2697 841 3007 946 quaedam

759 995 902 1073 post
960 988 1460 1072 consuryerevat’'‚
1510 991 1546 1050 i.
1597 1008 1686 1052 e.:
1735 991 1905 1052 inter
1950 992 2387 1070 consumerent
2434 994 2571 1052 et..
2601 1037 2651 1052 ..
2697 1008 2813 1066 per
2856 989 3013 1051 Am-

758 1115 987 1179 branos
1031 1121 1091 1179 et
1137 1114 1653 1210 Transpadanos,
1705 1114 1891 1190 Quod
1942 1117 2050 1176 vix
2098 1115 2303 1178 credo.
2344 1113 2498 1178 Sine
2538 1114 2733 1177 dubio
2776 1120 3012 1196 textus,

762 1243 930 1305 sicut
1002 1261 1176 1304 nunc
1240 1260 1388 1305 eum
1446 1241 1740 1324 legimus,
1788 1241 2091 1304 mendose
2139 1240 2412 1304 traditus
2459 1246 2573 1320 est,
2622 1260 2770 1303 nam
2819 1259 3010 1303 suum

760 1367 973 1430 locum
1030 1369 1097 1430 in
1145 1369 1463 1431 sententia
1511 1385 1640 1429 non
1691 1366 1986 1428 obtinent
2035 1364 2347 1428 vocabula
2388 1385 2503 1444 per
2550 1364 2907 1428 Ambranos
2956 1370 3013 1428 et

763 1491 1288 1575 Transpadanos,

857 1616 1321 1701 Coniungenda
1361 1622 1575 1681 essent
1601 1637 1749 1680 cum
1776 1617 1960 1698 foris,
1982 1635 2110 1679 non
2136 1635 2283 1679 cum
2309 1615 2564 1697 Romae,
2588 1634 2736 1678 nam
2766 1615 3016 1698 Caesar,

763 1739 1006 1805 Romae
1071 1760 1353 1824 manens,
1414 1742 1594 1805 nullo
1643 1742 1832 1804 modo
1880 1760 2028 1805 cum
2077 1741 2315 1804 exteris
2362 1739 2735 1804 nationibus
2784 1740 2861 1803 ad
2910 1759 3015 1804 res

769 1887 970 1931 novas
1016 1887 1404 1951 consurgere
1449 1869 1678 1951 potuit.

855 1991 1181 2057 Fortasse
1221 1992 1339 2078 Gn.
1401 1991 1572 2072 Piso,
1636 1995 1759 2056 iter
1819 1991 2061 2055 faciens
2109 1993 2178 2055 in
2224 1990 2603 2075 Hispaniam
2654 1993 3011 2057 citeriorem

770 2117 871 2198 (cf.
943 2116 1199 2181 Sallust.
1271 2116 1366 2182 De
1435 2119 1596 2181 coni.
1661 2117 1789 2180 Cat.
1852 2136 1902 2179 c.
1956 2118 2077 2198 19),
2123 2117 2469 2180 nonnullas
2515 2123 2739 2200 gentes
2786 2118 2865 2181 ad
2912 2137 3015 2182 res

769 2262 972 2306 novas
1018 2245 1298 2307 excitare
1346 2245 1570 2325 potuit.

858 2367 982 2433 Sed
1028 2368 1203 2433 addit
1249 2367 1629 2432 Suetonius:
1679 2367 2043 2431 destitutum
2087 2368 2419 2450 utriusque
2458 2367 2779 2432 consiliam
2826 2373 3017 2433 morte

774 2495 1042 2559 Pisonis.
1101 2494 1420 2558 Novimus
1483 2498 1697 2557 autem
1762 2512 1845 2556 ex
1908 2491 2212 2556 Sallustio
2252 2491 2555 2556 Pisonem
2605 2493 3015 2558 interfectum

769 2642 910 2687 esse
976 2625 1082 2703 „in
1146 2623 1474 2706 provincia
1519 2620 1599 2683 ab
1647 2619 1975 2704 equitibus
2023 2618 2351 2702 HispaniS,
2398 2639 2563 2702 quos
2607 2621 2677 2682 in
2727 2623 3017 2685 exercitu

770 2747 1130 2830 ductabat''‚
1198 2749 1238 2810 i.
1283 2767 1334 2812 e.
1405 2751 1744 2831 postquam
1805 2747 1873 2808 in
1940 2743 2315 2829 Hispaniam
2366 2745 2639 2809 advenit.
2690 2743 2820 2809 Iter
2865 2765 3015 2829 ergo

771 2874 1027 2939 Pisonis
1095 2875 1222 2937 iam
1288 2872 1635 2956 perfectum
1699 2877 1853 2955 erat,
1916 2876 1977 2935 et
2025 2873 2079 2935 si
2123 2889 2346 2936 revera
2391 2871 2891 2951 Transpadanos
2922 2858 3015 2937 'ad

769 3018 874 3065 res
936 3008 1134 3063 novas
1192 3000 1471 3063 excitare
1517 3003 1788 3061 conatus
1833 3004 1949 3080 est,
1994 2998 2113 3060 hoc
2160 3016 2469 3062 conamen
2518 2998 2596 3061 ad
2642 2996 2834 3061 finem
2891 3000 3017 3062 iam

769 3127 837 3188 in
897 3126 1126 3189 itinere
1174 3126 1574 3208 perduxerat.
1622 3123 1698 3187 In
1749 3126 2079 3208 provincia
2122 3124 2438 3208 Hispania
2481 3124 2547 3187 id
2593 3124 2802 3188 facere
2847 3129 3018 3188 certe

771 3271 900 3314 non
969 3253 1195 3336 potuit,
1265 3271 1411 3314 nam
1486 3251 1664 3314 nullo
1732 3251 1920 3314 modo
1978 3270 2139 3333 gens
2201 3249 2552 3334 Hispaniae
2598 3251 2725 3313 dici
2770 3256 3013 3339 potest:

771 3377 1260 3457 Transpadana.
1333 3376 1456 3441 Sed
1520 3396 1555 3440 e
1601 3376 1893 3440 Suetonii
1942 3376 2155 3440 verbis
2203 3382 2463 3460 apparet
2507 3375 2809 3440 Pisonem
2856 3395 3015 3438 non-

773 3506 926 3567 dum
989 3504 1152 3568 illud
1213 3503 1440 3567 fecisse
1501 3522 1831 3584 conamen,
1879 3522 2027 3566 nam
2094 3503 2336 3585 alioqui
2384 3502 2508 3565 dici
2559 3521 2686 3565 non
2735 3505 3016 3585 poterat:

767 3632 1089 3697 consil-iam
1135 3631 1472 3712 utriusque
1513 3630 1875 3695 destitutum
1920 3650 2047 3694 esse
2092 3631 2225 3694 eius
2261 3636 2467 3694 morte.
2498 3629 2585 3711 *In
2611 3631 2839 3694 itinere
2864 3648 3015 3712 ergo

768 3763 990 3841 gentes
1038 3760 1320 3822 excitare
1367 3777 1496 3821 non
1545 3759 1751 3821 voluit
1790 3757 1959 3839 Piso,
1998 3757 2109 3821 sed
2134 3757 2404 3821 fortasse
2426 3758 2495 3820 in
2519 3759 2660 3841 ipsa
2684 3757 3016 3841 Hispania.

773 3884 914 3961 Qua
977 3885 1055 3949 de
1118 3904 1313 3949 causa
1372 3886 1586 3967 potius
1641 3884 1830 3948 credo
1878 3884 2185 3948 vocabula
2230 3885 2420 3947 citata
2467 3884 2637 3947 olere
2685 3882 3017 3966 emblema,

769 4012 1271 4095 suprascriptum
1334 4010 1527 4074 verbo
1591 4009 1766 4093 foris.
1814 4010 2141 4074 Glossator
2188 4010 2469 4093 quidam,
2521 4012 2589 4073 ni
2631 4010 2839 4093 fallor,
2887 4012 3017 4094 pla—

765 4138 915 4202 nius
991 4138 1350 4211 describere
1420 4139 1625 4201 voluit
1695 4138 1853 4221 quid
1923 4137 2047 4201 sibi
2121 4138 2311 4201 vellet
2382 4136 2763 4201 vocabulum
2834 4137 3013 4221 foris,

768 4270 961 4346 atque
1024 4265 1221 4348 igitur
1264 4265 1484 4347 citavit
1532 4265 1794 4327 nomina
1831 4264 2292 4327 nonnullarum
2338 4264 2655 4346 gentium,
2697 4282 2810 4347 per
2858 4284 3015 4347 qua—

770 4409 909 4453 rum
979 4392 1271 4473 regiones
1319 4392 1440 4453 iter
1485 4390 1708 4453 Pisoni
1751 4389 2115 4454 faciendum
2168 4396 2315 4453 erat.
2366 4388 2551 4454 Unde
2600 4395 2810 4455 tamen
2861 4391 3017 4455 haec
