3509 5509
1565 736 1641 798 17

465 952 563 1010 ret
604 947 987 1011 vocabulum
1027 965 1257 1008 causas
1297 945 1628 1028 emphasin
1672 943 1921 1025 habere,
1949 964 2075 1007 non
2118 929 2715 1008 adiectivumalias.

469 1071 736 1135 Minime
794 1090 1050 1135 narrare
1097 1071 1238 1134 vult
1285 1077 1506 1134 auctor
1556 1071 1762 1134 varios
1811 1071 2101 1134 homines
2147 1071 2315 1134 inter
2360 1089 2428 1133 se
2479 1070 2722 1132 dissen-

468 1198 630 1260 sisse
678 1197 755 1261 de
805 1197 998 1260 variis
1048 1196 1198 1258 belli
1244 1196 1453 1259 civilis
1501 1197 1732 1276 causiS,
1781 1196 1891 1259 sed
1940 1214 2162 1259 omnes
2202 1197 2375 1259 cives
2421 1215 2547 1258 una
2571 1182 2719 1258 con'-

470 1324 748 1387 sensisse
813 1328 1215 1406 praetextum
1273 1343 1310 1385 a
1358 1320 1625 1385 Caesare
1673 1322 1934 1385 allatum
1982 1340 2206 1385 revera
2251 1320 2473 1384 fictum
2520 1320 2720 1385 fuisse

471 1453 532 1511 et
577 1468 760 1512 veras
807 1467 1129 1512 armorum
1180 1467 1407 1511 causas
1455 1448 1645 1531 longe
1695 1448 1983 1512 diversas
2028 1440 2232 1512 fuisse
2278 1447 2358 1510 ab
2399 1449 2519 1511 hoc
2547 1467 2723 1531 prae-

470 1581 664 1639 text0.
713 1574 954 1639 Sensus
1004 1569 1105 1637 hio
1155 1576 1308 1638 satis
1355 1574 1566 1637 clarus
1614 1579 1676 1637 et
1721 1574 1982 1638 lucidus
2029 1581 2141 1654 est,
2191 1575 2362 1657 quod
2414 1595 2539 1638 non
2590 1596 2721 1639 am-

474 1702 641 1784 plius
703 1700 1087 1763 contendere
1133 1719 1480 1784 possumus
1529 1707 1870 1783 postquam
1918 1702 2311 1764 inseruimus
2360 1721 2507 1764 oum
2558 1701 2725 1764 Bur-

407 1836 415 1844 '
476 1846 708 1890 manno
749 1826 1130 1890 vocabulum
1165 1827 1298 1910 alii,
1341 1829 1494 1909 quia.
1526 1827 1635 1890 tali
1664 1827 1850 1889 modo
1875 1828 2231 1890 amittimus
2258 1829 2720 1911 oppositionem

475 1957 891 2020 necessariam
962 1957 1130 2018 inter
1193 1961 1583 2034 praeteoetum
1654 1960 1716 2018 et
1784 1975 2027 2018 causas,
2098 1955 2527 2020 Conservetur
2573 1975 2721 2038 ergo

479 2087 696 2146 textus
743 2082 1032 2145 traditus,

563 2209 637 2272 In
707 2209 991 2273 eiusdem
1055 2206 1282 2290 capitis
1347 2206 1703 2270 fine-valde
1752 2209 1949 2271 miror
1991 2223 2030 2272 'a
2077 2209 2231 2272 viris
2280 2209 2483 2272 doctis
2530 2211 2723 2272 anxie

473 2338 919 2398 conservatum
964 2352 1104 2396 esse
1143 2332 1456 2396 emblema
1497 2334 1995 2416 ineptissimum,
2035 2355 2181 2399 cum
2210 2336 2383 2399 aliud
2411 2335 2725 2399 emblema

476 2461 840 2525 deleverint.
889 2459 1192 2543 Legimus
1241 2465 1490 2524 autem:

835 2796 1013 2875 Quod
1072 2796 1452 2859 existimasse
1520 2795 1845 2859 videbatur
1904 2800 1963 2859 et
2028 2794 2255 2879 Cicera,
2318 2796 2584 2860 scribens
2646 2797 2723 2861 de

925 2920 1190 3005 Officii3‚
1237 2919 1390 2985 libro
1435 2922 1634 3006 tertie,
1683 2938 1921 3005 semper
1976 2924 2302 2987 Caesarem
2346 2925 2419 2986 in
2462 2944 2567 2988 ore
2614 2923 2727 2988 ha-

921 3048 1158 3111 buisse.
1189 3097 1202 3111 .
1229 3097 1242 3111 .
1269 3097 1282 3111 .
1329 3047 1668 3129 Euripidis
1710 3068 1927 3113 versus
1969 3070 2017 3113 e.
2040 3070 2096 3133 q.
2122 3070 2169 3113 s,
2714 3044 2719 3047 ’

564 3342 743 3420 Quae
803 3345 952 3408 olim
1011 3344 1388 3427 legebantur
1433 3345 1598 3409 inter
1649 3344 1935 3409 habuisse
1980 3350 2044 3408 et
2088 3344 2425 3430 Euripidis
2472 3366 2726 3410 summo
2826 3403 2831 3408 .

474 3472 614 3535 iure
675 3472 860 3535 uncis
907 3472 1158 3535 inclusa
1207 3476 1377 3550 sunt,
1424 3472 1536 3535 sed
1586 3491 1714 3554 qua
1763 3454 2082 3535 de'causa
2130 3472 2323 3535 simul
2372 3492 2497 3535 non
2552 3493 2723 3536 amo-

477 3599 688 3660 verint
732 3564 1108 3679 interpretes
1149 3597 1421 3660 alterum
1463 3596 1794 3677 emblema,
1836 3602 2005 3660 certe
2044 3616 2173 3659 non
2214 3596 2519 3680 intelligo.
2561 3597 2722 3661 Nam

477 3724 699 3807 procul
747 3722 943 3786 dubio
993 3728 1056 3786 et
1102 3722 1417 3786 vocabula
1463 3722 1641 3795 tertio
1686 3721 1857 3804 libro,
1898 3723 2163 3787 eandem
2206 3721 2286 3785 ob
2326 3742 2584 3786 causam
2611 3742 2726 3806 pro

475 3848 857 3931 glossemate
925 3853 1080 3912 sunt
1149 3848 1452 3913 habenda.
1523 3846 1896 3931 Numquam
1965 3847 2270 3913 Suetonio
2331 3849 2396 3911 in
2448 3854 2722 3913 mentem
2809 3918 2812 3923 ,
2884 3820 2887 3823 ’

477 3974 696 4037 venire
750 3975 958 4057 potuit
1003 3992 1076 4036 ea
1123 3973 1370 4052 addere,
1419 3974 1695 4057 primum
1748 3975 1902 4056 quia
1950 3993 2075 4036 non
2127 3972 2416 4037 solebant
2466 3975 2731 4057 scripto-

478 4117 579 4163 res
628 4103 869 4163 veteres
915 4099 1110 4161 citare
1156 4097 1370 4174 libros,
1419 4100 1625 4181 capita
1672 4099 1773 4162 vel
1823 4098 2546 4181 paragraphos,·deinde
2573 4119 2731 4182 quo-

481 4224 650 4286 niam
722 4224 1028 4286 nimirum
1094 4224 1322 4287 melius
1385 4222 1660 4286 Romani
1728 4222 2019 4288 sciebant
2066 4244 2194 4307 quo
2244 4224 2383 4288 loco
2429 4226 2493 4287 in
2544 4244 2733 4307 opere

486 4346 620 4429 „De
680 4348 947 4412 officiis”
1011 4350 1376 4431 legerentur
1442 4368 1668 4414 versus
1730 4350 1843 4430 illi,
1902 4369 2095 4433 quam
2144 4368 2227 4413 ex
2273 4370 2402 4433 quo
2453 4351 2735 4415 dramate

478 4466 805 4556 Euripidis
853 4492 962 4537 eos
1011 4473 1295 4537 hauserit
1343 4474 1576 4539 Cicero.
1628 4474 1983 4538 Deleantur
2030 4494 2197 4558 erge.

2500 4585 2533 4635 2
