3509 5509
1 5079 13 5200 -ν

1573 679 1652 738 21

924 909 1047 973 per
1113 909 1177 952 36
1241 892 1462 967 portus
1527 891 1586 950 et
1651 888 2109 970 naviyationem
2180 893 2236 951 et
2296 908 2605 952 accessum
2650 889 2739 953 ad

930 1013 1208 1077 insulam
1251 1011 1648 1098 eoepkrasset.

578 1249 893 1313 Venimus
961 1248 1044 1312 ad
1113 1248 1322 1312 locum
1391 1247 1522 1312 fere
1585 1249 2013 1332 desperatum.
2080 1247 2320 1314 Omnes
2384 1216 2530 1313 libri
2578 1249 2733 1315 Mss,

485 1376 749 1440 eandem
813 1374 1119 1458 praebent
1180 1375 1534 1456 lectionem,
1597 1395 1791 1458 quam
1858 1376 2041 1440 valde
2089 1377 2393 1440 mendose
2437 1376 2732 1440 traditam

484 1521 624 1566 esse
675 1501 972 1565 viderunt
1017 1501 1394 1584 interpretes
1440 1503 1730 1565 omnium
1781 1507 2077 1566 aetatum.
2122 1502 2246 1566 Sed
2273 1503 2423 1566 olim
2451 1508 2730 1569 tantum-

487 1627 674 1690 modo
721 1629 792 1691 in
838 1627 1170 1690 vocabulis
1210 1646 1328 1706 per
1371 1647 1435 1690 36
1483 1628 1828 1692 haeserunt
1876 1629 1995 1690 viri
2034 1629 2220 1710 docti,
2262 1635 2431 1692 recte
2471 1649 2732 1694 monen-

482 1756 576 1816 tes
647 1771 775 1814 non
847 1750 1176 1816 Caesarem
1249 1770 1362 1834 per
1408 1769 1477 1814 se
1523 1751 1963 1834 exploravisse
2002 1751 2404 1816 Britanniam
2456 1754 2565 1818 sed
2615 1773 2734 1838 per

482 1877 553 1940 G.
609 1877 1034 1961 Volusenum,
1085 1883 1155 1941 ut
1199 1877 1338 1961 ipse
1385 1876 1571 1940 nobis
1621 1876 2134 1954 disertisverbis
2181 1884 2397 1942 narrat
2444 1879 2509 1941 in
2561 1898 2733 1942 com-

483 2004 808 2068 mentariis
856 2004 934 2067 de
980 2002 1162 2067 Bello
1210 2002 1454 2065 Gallico
1503 2001 1658 2083 (Lib.
1708 2002 1822 2085 IV,
1869 2022 1919 2065 c.
1949 2004 2072 2083 21).
2097 2004 2300 2067 Addit
2325 2005 2479 2068 haec
2501 2004 2726 2069 Ruhn-

477 2129 747 2194 kenius:
809 2126 1034 2212 „Quod
1082 2148 1231 2192 cum
1277 2127 1626 2192 Suetonius
1673 2131 1969 2212 ignorare
2014 2149 2147 2193 non
2195 2133 2490 2214 potuerit,
2537 2131 2724 2216 culpa

477 2255 806 2320 referenda
874 2262 970 2319 est
1037 2255 1108 2318 in
1169 2253 1480 2336 librarios,
1528 2257 1643 2338 qui
1691 2256 1865 2319 hunc
1911 2256 2123 2320 locum
2171 2257 2519 2321 vitiarint.''
2565 2257 2726 2323 Inde

477 2383 791 2446 coniicere
861 2387 1209 2464 coeperunt
1271 2381 1393 2444 viri
1455 2381 1643 2446 docti.
1707 2381 2120 2445 Boxbornius
2168 2388 2231 2446 et
2277 2381 2589 2448 Heinsius
2636 2385 2723 2448 le·

473 2508 757 2592 gendum
829 2513 1300 2592 proposuerunt
1361 2527 1672 2587 persaepe,
1741 2507 2131 2573 Berneccius
2202 2517 2265 2574 et
2309 2509 2568 2594 Lipsius
2608 2531 2723 2591 per

473 2653 634 2716 su03,
695 2633 1032 2698 Ernestius
1092 2633 1221 2697 nisi
1279 2639 1427 2697 ante
1488 2653 1678 2718 quam
1738 2653 1787 2698 e.
1816 2654 1873 2716 q.
1900 2653 1972 2716 s.,
2034 2633 2453 2700 Burmannus
2507 2637 2721 2720 ipsum

475 2758 854 2823 Suetonium
942 2778 1188 2824 errasse
1274 2763 1552 2823 statuere
1637 2759 1930 2823 malebat.
2001 2758 2191 2823 Solus
2260 2760 2722 2845 Baumgarten-

475 2884 744 2949 Orusius
822 2884 1103 2948 defendit
1169 2884 1508 2949 lectionem
1581 2883 1926 2967 vulgatam,
1998 2890 2312 2949 annotans
2382 2891 2720 2977 postquam

473 3012 691 3074 citavit
756 3012 961 3093 ipsius
1034 3008 1322 3073 Caesaris
1387 3008 1614 3074 verba:
1671 3008 1835 3090 „Sed
1882 3011 2001 3073 hoc
2046 3029 2175 3073 non
2223 3011 2507 3094 impedit,
2560 3031 2717 3094 quo-

474 3138 688 3200 minus
759 3141 822 3200 et
877 3156 1000 3219 per
1058 3154 1137 3217 se,
1201 3138 1243 3198 i.
1270 3154 1325 3199 e.
1373 3136 1506 3214 ipse
1550 3134 1643 3217 (δι’
1693 3134 1923 3219 ἑαυτόυ)
1974 3136 2188 3200 locum
2237 3139 2719 3221 perspeculatus

469 3262 682 3327 fuerit.
731 3260 834 3324 Ex
885 3259 1174 3325 Caesaris
1222 3261 1476 3324 silentio
1525 3261 1811 3324 nondum
1860 3260 2166 3326 Nostrum
2215 3266 2449 3328 erroris
2495 3284 2719 3349 argue·

471 3384 653 3449 rim.’'
701 3385 854 3451 Post
902 3387 1057 3450 haec
1103 3388 1256 3450 citat
1302 3387 1512 3450 varias
1560 3387 2037 3452 emendationes
2085 3394 2148 3452 et
2194 3390 2425 3454 deinde
2466 3392 2560 3455 sic
2581 3410 2720 3475 per-

469 3513 593 3596 git:
657 3512 829 3594 „Alii
865 3510 1247 3595 Imperatori
1293 3511 1605 3594 tribuunt,
1653 3531 1818 3595 quae
1865 3532 1978 3597 per
2024 3514 2268 3597 legatos
2312 3516 2719 3580 administra-

467 3641 646 3704 verit.
708 3638 833 3703 Sed
877 3640 968 3703 ita
1013 3643 1240 3703 auctor
1286 3657 1416 3701 non
1465 3638 1698 3703 diserte
1744 3639 2095 3704 addidisset
2134 3660 2255 3719 per
2298 3640 2425 3705 36”.
2474 3641 2721 3707 Ultima

468 3768 623 3832 haec
670 3767 886 3850 opinio
931 3766 1056 3830 fuit
1101 3764 1320 3829 Vossii
1366 3770 1428 3829 et
1473 3764 1822 3847 Berneccii,
1872 3767 2045 3849 quod
2092 3772 2303 3832 tamen
2352 3788 2389 3831 a
2429 3768 2720 3833 Suetonii

469 3896 637 3977 stylo
677 3894 958 3958 alienum
1009 3911 1148 3957 esse
1196 3898 1589 3956 monuerunt
1635 3897 1697 3956 et
1736 3892 2075 3957 Ernestius
2114 3899 2178 3957 et
2203 3892 2715 3980 Oudendorpius.

467 4021 816 4086 Suetonius
864 4020 1034 4085 enim
1077 4037 1325 4101 semper
1371 4019 1713 4102 distinguit
1748 4038 1871 4103 per
1916 4039 1981 4083 36
2027 4026 2091 4084 et
2130 4039 2246 4103 per
2291 4020 2535 4103 temtos,
2581 4024 2717 4088 sive

463 4149 655 4213 ductu
698 4148 904 4231 ipsius
948 4145 1376 4230 Imperatoris,
1425 4145 1527 4209 vel
1575 4147 2019 4218 tantummodo
2069 4148 2209 4211 eius
2257 4149 2579 4233 auspiciis.

552 4273 850 4339 Fortasse
911 4277 1124 4338 autem
1191 4291 1413 4336 omnes
1457 4272 1605 4336 illae
1651 4272 2130 4337 emendationes
2179 4273 2454 4338 alicuius
2500 4280 2715 4341 essent

402 4369 413 4379 ¹
474 4402 799 4483 momenti,
873 4401 929 4463 si
997 4403 1324 4485 praeterea
1393 4399 1551 4463 nihil
1617 4399 1757 4461 vitii
1803 4397 2113 4482 subesset,
2160 4400 2270 4463 sed
2318 4401 2485 4465 inest
2532 4403 2723 4467 etiam
