<?xml version="1.0" encoding="UTF-8"?>
<!DOCTYPE html PUBLIC "-//W3C//DTD XHTML 1.0 Transitional//EN"
    "http://www.w3.org/TR/xhtml1/DTD/xhtml1-transitional.dtd">
<html xmlns="http://www.w3.org/1999/xhtml" xml:lang="en" lang="en">
 <head>
  <title>
</title>
<meta http-equiv="Content-Type" content="text/html;charset=utf-8" />
  <meta name='ocr-system' content='tesseract 3.04.00' />
  <meta name='ocr-capabilities' content='ocr_page ocr_carea ocr_par ocr_line ocrx_word'/>
</head>
<body>
  <div class='ocr_page' id='page_1' title='image "./spicilegiumcrit00boekgoog_0013.png"; bbox 0 0 3509 5509; ppageno 0'>
   <div class='ocr_carea' id='block_1_1' title="bbox 1202 2020 2071 2108">
    <p class='ocr_par' dir='ltr' id='par_1_1' title="bbox 1202 2020 2071 2108">
     <span class='ocr_line' id='line_1_1' title="bbox 1202 2020 2071 2108; baseline 0.003 -4"><span class='ocrx_word' id='word_1_1' title='bbox 1202 2020 2071 2108; x_wconf 87' lang='lat' dir='ltr'><strong>PRAEFATIO.</strong></span> 
     </span>
    </p>
   </div>
   <div class='ocr_carea' id='block_1_2' title="bbox 514 2694 2776 4412">
    <p class='ocr_par' dir='ltr' id='par_1_2' title="bbox 514 2694 2776 4412">
     <span class='ocr_line' id='line_1_2' title="bbox 605 2694 2761 2779; baseline 0 -20"><span class='ocrx_word' id='word_1_2' title='bbox 605 2694 1017 2779; x_wconf 80' lang='lat' dir='ltr'>Quicumque</span> <span class='ocrx_word' id='word_1_3' title='bbox 1056 2700 1277 2759; x_wconf 89' lang='lat' dir='ltr'>nostra</span> <span class='ocrx_word' id='word_1_4' title='bbox 1317 2700 1520 2759; x_wconf 87' lang='lat' dir='ltr'>aetate</span> <span class='ocrx_word' id='word_1_5' title='bbox 1558 2713 1809 2779; x_wconf 88' lang='lat' dir='ltr'>operam</span> <span class='ocrx_word' id='word_1_6' title='bbox 1854 2696 1959 2760; x_wconf 93' lang='lat' dir='ltr'>dat</span> <span class='ocrx_word' id='word_1_7' title='bbox 1991 2695 2317 2776; x_wconf 85' lang='lat' dir='ltr'>Suetoni0‚</span> <span class='ocrx_word' id='word_1_8' title='bbox 2358 2702 2505 2761; x_wconf 89' lang='lat' dir='ltr'>ante</span> <span class='ocrx_word' id='word_1_9' title='bbox 2546 2697 2761 2760; x_wconf 90' lang='lat' dir='ltr'>omnia</span> 
     </span>
     <span class='ocr_line' id='line_1_3' title="bbox 514 2822 2761 2905; baseline 0 -20"><span class='ocrx_word' id='word_1_10' title='bbox 514 2824 823 2887; x_wconf 89' lang='lat' dir='ltr'>rationem</span> <span class='ocrx_word' id='word_1_11' title='bbox 888 2822 1121 2885; x_wconf 89' lang='lat' dir='ltr'>habere</span> <span class='ocrx_word' id='word_1_12' title='bbox 1183 2822 1344 2885; x_wconf 91' lang='lat' dir='ltr'>solet</span> <span class='ocrx_word' id='word_1_13' title='bbox 1408 2822 1706 2886; x_wconf 83' lang='lat' dir='ltr'>editionis</span> <span class='ocrx_word' id='word_1_14' title='bbox 1760 2822 2257 2903; x_wconf 85' lang='lat' dir='ltr'>Teubnerianae‚</span> <span class='ocrx_word' id='word_1_15' title='bbox 2322 2842 2514 2905; x_wconf 86' lang='lat' dir='ltr'>quam</span> <span class='ocrx_word' id='word_1_16' title='bbox 2580 2842 2761 2885; x_wconf 90' lang='lat' dir='ltr'>cura-</span> 
     </span>
     <span class='ocr_line' id='line_1_4' title="bbox 515 2918 2765 3031; baseline 0 -20"><span class='ocrx_word' id='word_1_17' title='bbox 515 2952 606 3013; x_wconf 86' lang='lat' dir='ltr'>vit</span> <span class='ocrx_word' id='word_1_18' title='bbox 655 2948 718 3011; x_wconf 88' lang='lat' dir='ltr'>C.</span> <span class='ocrx_word' id='word_1_19' title='bbox 766 2947 834 3011; x_wconf 85' lang='lat' dir='ltr'>L.</span> <span class='ocrx_word' id='word_1_20' title='bbox 880 2918 1172 3011; x_wconf 77' lang='lat' dir='ltr'>Rothius.</span> <span class='ocrx_word' id='word_1_21' title='bbox 1220 2947 1436 3011; x_wconf 83' lang='lat' dir='ltr'>Editio</span> <span class='ocrx_word' id='word_1_22' title='bbox 1481 2948 1608 3029; x_wconf 88' lang='lat' dir='ltr'>illa,</span> <span class='ocrx_word' id='word_1_23' title='bbox 1655 2948 1807 3011; x_wconf 88' lang='lat' dir='ltr'>inde</span> <span class='ocrx_word' id='word_1_24' title='bbox 1853 2948 1932 3011; x_wconf 90' lang='lat' dir='ltr'>ab</span> <span class='ocrx_word' id='word_1_25' title='bbox 1982 2968 2151 3011; x_wconf 92' lang='lat' dir='ltr'>anno</span> <span class='ocrx_word' id='word_1_26' title='bbox 2206 2948 2395 3029; x_wconf 85' lang='lat'>1857,</span> <span class='ocrx_word' id='word_1_27' title='bbox 2438 2968 2645 3031; x_wconf 90' lang='lat' dir='ltr'>usque</span> <span class='ocrx_word' id='word_1_28' title='bbox 2684 2950 2765 3011; x_wconf 86' lang='lat' dir='ltr'>ad</span> 
     </span>
     <span class='ocr_line' id='line_1_5' title="bbox 519 3074 2767 3158; baseline -0 -20"><span class='ocrx_word' id='word_1_29' title='bbox 519 3076 687 3138; x_wconf 87' lang='lat'>1890</span> <span class='ocrx_word' id='word_1_30' title='bbox 759 3094 948 3158; x_wconf 87' lang='lat' dir='ltr'>saepe</span> <span class='ocrx_word' id='word_1_31' title='bbox 1023 3076 1162 3137; x_wconf 92' lang='lat' dir='ltr'>sine</span> <span class='ocrx_word' id='word_1_32' title='bbox 1226 3074 1358 3137; x_wconf 89' lang='lat' dir='ltr'>ulla</span> <span class='ocrx_word' id='word_1_33' title='bbox 1423 3074 1774 3137; x_wconf 81' lang='lat' dir='ltr'>mutatione</span> <span class='ocrx_word' id='word_1_34' title='bbox 1837 3074 2120 3156; x_wconf 85' lang='lat' dir='ltr'>repetita,</span> <span class='ocrx_word' id='word_1_35' title='bbox 2185 3092 2566 3157; x_wconf 87' lang='lat' dir='ltr'>magnopere</span> <span class='ocrx_word' id='word_1_36' title='bbox 2626 3074 2767 3137; x_wconf 89' lang='lat' dir='ltr'>lau-</span> 
     </span>
     <span class='ocr_line' id='line_1_6' title="bbox 516 3198 2769 3282; baseline -0 -18"><span class='ocrx_word' id='word_1_37' title='bbox 516 3200 663 3264; x_wconf 87' lang='lat' dir='ltr'>data</span> <span class='ocrx_word' id='word_1_38' title='bbox 730 3207 826 3264; x_wconf 92' lang='lat' dir='ltr'>est</span> <span class='ocrx_word' id='word_1_39' title='bbox 887 3220 925 3263; x_wconf 92' lang='lat' dir='ltr'>a</span> <span class='ocrx_word' id='word_1_40' title='bbox 988 3200 1144 3263; x_wconf 81' lang='lat' dir='ltr'>viris</span> <span class='ocrx_word' id='word_1_41' title='bbox 1207 3199 1429 3279; x_wconf 85' lang='lat' dir='ltr'>doctis,</span> <span class='ocrx_word' id='word_1_42' title='bbox 1494 3218 1769 3282; x_wconf 90' lang='lat' dir='ltr'>quorum</span> <span class='ocrx_word' id='word_1_43' title='bbox 1832 3199 1899 3260; x_wconf 92' lang='lat' dir='ltr'>in</span> <span class='ocrx_word' id='word_1_44' title='bbox 1967 3218 2160 3262; x_wconf 90' lang='lat' dir='ltr'>manu</span> <span class='ocrx_word' id='word_1_45' title='bbox 2221 3198 2354 3264; x_wconf 88' lang='lat' dir='ltr'>fere</span> <span class='ocrx_word' id='word_1_46' title='bbox 2418 3200 2553 3263; x_wconf 91' lang='lat' dir='ltr'>sola</span> <span class='ocrx_word' id='word_1_47' title='bbox 2614 3206 2769 3281; x_wconf 87' lang='lat' dir='ltr'>erat,</span> 
     </span>
     <span class='ocr_line' id='line_1_7' title="bbox 517 3323 2768 3410; baseline -0 -21"><span class='ocrx_word' id='word_1_48' title='bbox 517 3327 747 3410; x_wconf 89' lang='lat' dir='ltr'>spretis</span> <span class='ocrx_word' id='word_1_49' title='bbox 830 3323 1288 3389; x_wconf 81' lang='lat' dir='ltr'>vetustioribus</span> <span class='ocrx_word' id='word_1_50' title='bbox 1359 3323 1772 3405; x_wconf 77' lang='lat' dir='ltr'>editionibuS,</span> <span class='ocrx_word' id='word_1_51' title='bbox 1840 3324 2103 3407; x_wconf 82' lang='lat' dir='ltr'>perinde</span> <span class='ocrx_word' id='word_1_52' title='bbox 2171 3344 2245 3387; x_wconf 92' lang='lat' dir='ltr'>ac</span> <span class='ocrx_word' id='word_1_53' title='bbox 2314 3326 2368 3387; x_wconf 89' lang='lat' dir='ltr'>si</span> <span class='ocrx_word' id='word_1_54' title='bbox 2439 3324 2768 3409; x_wconf 88' lang='lat' dir='ltr'>praeberet</span> 
     </span>
     <span class='ocr_line' id='line_1_8' title="bbox 517 3449 2767 3516; baseline -0.002 0"><span class='ocrx_word' id='word_1_55' title='bbox 517 3452 806 3516; x_wconf 82' lang='lat' dir='ltr'>Suetonii</span> <span class='ocrx_word' id='word_1_56' title='bbox 869 3452 1122 3514; x_wconf 82' lang='lat' dir='ltr'>te&#39;xtum</span> <span class='ocrx_word' id='word_1_57' title='bbox 1184 3449 1488 3513; x_wconf 89' lang='lat' dir='ltr'>omnibus</span> <span class='ocrx_word' id='word_1_58' title='bbox 1550 3450 1643 3513; x_wconf 93' lang='lat' dir='ltr'>rei</span> <span class='ocrx_word' id='word_1_59' title='bbox 1706 3450 1962 3513; x_wconf 81' lang='lat' dir='ltr'>criticae</span> <span class='ocrx_word' id='word_1_60' title='bbox 2009 3449 2315 3513; x_wconf 91' lang='lat' dir='ltr'>subsidiis</span> <span class='ocrx_word' id='word_1_61' title='bbox 2362 3450 2767 3514; x_wconf 90' lang='lat' dir='ltr'>instructum.</span> 
     </span>
     <span class='ocr_line' id='line_1_9' title="bbox 517 3548 2767 3649; baseline -0 -8"><span class='ocrx_word' id='word_1_62' title='bbox 517 3576 591 3641; x_wconf 89' lang='lat' dir='ltr'>Id</span> <span class='ocrx_word' id='word_1_63' title='bbox 652 3584 865 3641; x_wconf 89' lang='lat' dir='ltr'>tamen</span> <span class='ocrx_word' id='word_1_64' title='bbox 927 3578 1188 3639; x_wconf 91' lang='lat' dir='ltr'>minime</span> <span class='ocrx_word' id='word_1_65' title='bbox 1250 3594 1473 3639; x_wconf 82' lang='lat' dir='ltr'>verum</span> <span class='ocrx_word' id='word_1_66' title='bbox 1538 3580 1660 3642; x_wconf 79' lang='lat' dir='ltr'>est..</span> <span class='ocrx_word' id='word_1_67' title='bbox 1715 3573 1885 3649; x_wconf 81' lang='lat' dir='ltr'>Quid</span> <span class='ocrx_word' id='word_1_68' title='bbox 1932 3576 2099 3639; x_wconf 91' lang='lat' dir='ltr'>enim</span> <span class='ocrx_word' id='word_1_69' title='bbox 2151 3576 2301 3639; x_wconf 88' lang='lat' dir='ltr'>dare</span> <span class='ocrx_word' id='word_1_70' title='bbox 2348 3548 2601 3641; x_wconf 20' lang='lat' dir='ltr'>studuit·</span> <span class='ocrx_word' id='word_1_71' title='bbox 2643 3576 2767 3640; x_wconf 89' lang='lat' dir='ltr'>Ro·</span> 
     </span>
     <span class='ocr_line' id='line_1_10' title="bbox 518 3700 2765 3785; baseline 0 -20"><span class='ocrx_word' id='word_1_72' title='bbox 518 3702 742 3765; x_wconf 78' lang='lat' dir='ltr'>thius?</span> <span class='ocrx_word' id='word_1_73' title='bbox 783 3700 889 3765; x_wconf 84' lang='lat' dir='ltr'>Sic</span> <span class='ocrx_word' id='word_1_74' title='bbox 937 3700 1274 3764; x_wconf 87' lang='lat' dir='ltr'>consilium</span> <span class='ocrx_word' id='word_1_75' title='bbox 1325 3719 1517 3764; x_wconf 89' lang='lat' dir='ltr'>suum</span> <span class='ocrx_word' id='word_1_76' title='bbox 1567 3700 1632 3762; x_wconf 91' lang='lat' dir='ltr'>in</span> <span class='ocrx_word' id='word_1_77' title='bbox 1676 3700 2064 3782; x_wconf 83' lang='lat' dir='ltr'>praefatione</span> <span class='ocrx_word' id='word_1_78' title='bbox 2104 3702 2435 3785; x_wconf 84' lang='lat' dir='ltr'>exposuit:</span> <span class='ocrx_word' id='word_1_79' title='bbox 2483 3702 2765 3781; x_wconf 87' lang='lat' dir='ltr'>„Verum</span> 
     </span>
     <span class='ocr_line' id='line_1_11' title="bbox 520 3825 2771 3909; baseline 0.001 -20"><span class='ocrx_word' id='word_1_80' title='bbox 520 3828 638 3891; x_wconf 88' lang='lat' dir='ltr'>hoc</span> <span class='ocrx_word' id='word_1_81' title='bbox 694 3826 980 3890; x_wconf 88' lang='lat' dir='ltr'>nondum</span> <span class='ocrx_word' id='word_1_82' title='bbox 1037 3828 1194 3889; x_wconf 91' lang='lat' dir='ltr'>satis</span> <span class='ocrx_word' id='word_1_83' title='bbox 1243 3826 1591 3909; x_wconf 85' lang='lat' dir='ltr'>perfectum</span> <span class='ocrx_word' id='word_1_84' title='bbox 1641 3844 1784 3889; x_wconf 92' lang='lat' dir='ltr'>esse</span> <span class='ocrx_word' id='word_1_85' title='bbox 1829 3825 2098 3907; x_wconf 87' lang='lat' dir='ltr'>videtur,</span> <span class='ocrx_word' id='word_1_86' title='bbox 2150 3832 2220 3889; x_wconf 91' lang='lat' dir='ltr'>ut</span> <span class='ocrx_word' id='word_1_87' title='bbox 2267 3846 2350 3891; x_wconf 87' lang='lat' dir='ltr'>ex</span> <span class='ocrx_word' id='word_1_88' title='bbox 2395 3828 2647 3892; x_wconf 91' lang='lat' dir='ltr'>infinito</span> <span class='ocrx_word' id='word_1_89' title='bbox 2695 3830 2771 3893; x_wconf 92' lang='lat' dir='ltr'>li-</span> 
     </span>
     <span class='ocr_line' id='line_1_12' title="bbox 522 3936 2769 4038; baseline 0.001 -23"><span class='ocrx_word' id='word_1_90' title='bbox 522 3952 780 4016; x_wconf 87' lang='lat' dir='ltr'>brorum</span> <span class='ocrx_word' id='word_1_91' title='bbox 831 3971 1100 4015; x_wconf 89' lang='lat' dir='ltr'>numero</span> <span class='ocrx_word' id='word_1_92' title='bbox 1148 3952 1369 4035; x_wconf 90' lang='lat' dir='ltr'>optimi</span> <span class='ocrx_word' id='word_1_93' title='bbox 1417 3956 1479 4015; x_wconf 92' lang='lat' dir='ltr'>et</span> <span class='ocrx_word' id='word_1_94' title='bbox 1517 3936 1949 4033; x_wconf 64' lang='lat' dir='ltr'>antiquissimi</span> <span class='ocrx_word' id='word_1_95' title='bbox 1990 3952 2309 4036; x_wconf 87' lang='lat' dir='ltr'>eligantur</span> <span class='ocrx_word' id='word_1_96' title='bbox 2346 3973 2417 4017; x_wconf 89' lang='lat' dir='ltr'>ac</span> <span class='ocrx_word' id='word_1_97' title='bbox 2442 3960 2769 4038; x_wconf 87' lang='lat' dir='ltr'>tamquam</span> 
     </span>
     <span class='ocr_line' id='line_1_13' title="bbox 522 4078 2776 4162; baseline 0.001 -19"><span class='ocrx_word' id='word_1_98' title='bbox 522 4079 717 4143; x_wconf 88' lang='lat' dir='ltr'>duces</span> <span class='ocrx_word' id='word_1_99' title='bbox 780 4079 910 4161; x_wconf 85' lang='lat' dir='ltr'>fidi,</span> <span class='ocrx_word' id='word_1_100' title='bbox 973 4098 1136 4162; x_wconf 92' lang='lat' dir='ltr'>quos</span> <span class='ocrx_word' id='word_1_101' title='bbox 1193 4098 1513 4161; x_wconf 88' lang='lat' dir='ltr'>nusquam</span> <span class='ocrx_word' id='word_1_102' title='bbox 1563 4078 1688 4141; x_wconf 91' lang='lat' dir='ltr'>nisi</span> <span class='ocrx_word' id='word_1_103' title='bbox 1727 4079 1797 4140; x_wconf 90' lang='lat' dir='ltr'>in</span> <span class='ocrx_word' id='word_1_104' title='bbox 1846 4083 2097 4161; x_wconf 91' lang='lat' dir='ltr'>apertos</span> <span class='ocrx_word' id='word_1_105' title='bbox 2144 4098 2389 4143; x_wconf 85' lang='lat' dir='ltr'>errores</span> <span class='ocrx_word' id='word_1_106' title='bbox 2434 4080 2776 4145; x_wconf 87' lang='lat' dir='ltr'>inciderint</span> 
     </span>
     <span class='ocr_line' id='line_1_14' title="bbox 523 4200 2773 4287; baseline 0.001 -21"><span class='ocrx_word' id='word_1_107' title='bbox 523 4205 662 4287; x_wconf 81' lang='lat' dir='ltr'>ipsi,</span> <span class='ocrx_word' id='word_1_108' title='bbox 724 4204 1015 4267; x_wconf 88' lang='lat' dir='ltr'>deserere</span> <span class='ocrx_word' id='word_1_109' title='bbox 1075 4204 1276 4284; x_wconf 86' lang='lat' dir='ltr'>liceat,</span> <span class='ocrx_word' id='word_1_110' title='bbox 1340 4200 1822 4267; x_wconf 88' lang='lat' dir='ltr'>observentur.”</span> <span class='ocrx_word' id='word_1_111' title='bbox 1877 4201 2206 4286; x_wconf 89' lang='lat' dir='ltr'>Optimum</span> <span class='ocrx_word' id='word_1_112' title='bbox 2261 4205 2519 4287; x_wconf 89' lang='lat' dir='ltr'>quidem</span> <span class='ocrx_word' id='word_1_113' title='bbox 2568 4208 2773 4270; x_wconf 90' lang='lat' dir='ltr'>consi-</span> 
     </span>
     <span class='ocr_line' id='line_1_15' title="bbox 524 4329 2776 4412; baseline 0.003 -20"><span class='ocrx_word' id='word_1_114' title='bbox 524 4331 702 4408; x_wconf 82' lang='lat' dir='ltr'>lium,</span> <span class='ocrx_word' id='word_1_115' title='bbox 767 4330 938 4412; x_wconf 88' lang='lat' dir='ltr'>quod</span> <span class='ocrx_word' id='word_1_116' title='bbox 999 4335 1209 4393; x_wconf 89' lang='lat' dir='ltr'>tamen</span> <span class='ocrx_word' id='word_1_117' title='bbox 1273 4329 1575 4392; x_wconf 89' lang='lat' dir='ltr'>Rothium</span> <span class='ocrx_word' id='word_1_118' title='bbox 1642 4348 1768 4390; x_wconf 91' lang='lat' dir='ltr'>non</span> <span class='ocrx_word' id='word_1_119' title='bbox 1838 4348 2088 4411; x_wconf 89' lang='lat' dir='ltr'>semper</span> <span class='ocrx_word' id='word_1_120' title='bbox 2148 4332 2449 4411; x_wconf 89' lang='lat' dir='ltr'>tenuisse,</span> <span class='ocrx_word' id='word_1_121' title='bbox 2498 4334 2776 4398; x_wconf 87' lang='lat' dir='ltr'>maxime</span> 
     </span>
    </p>
   </div>
   <div class='ocr_carea' id='block_1_3' title="bbox 485 4454 2775 4617">
    <p class='ocr_par' dir='ltr' id='par_1_3' title="bbox 485 4454 2775 4617">
     <span class='ocr_line' id='line_1_16' title="bbox 485 4454 2775 4539; baseline 0.001 -20"><span class='ocrx_word' id='word_1_122' title='bbox 485 4457 873 4521; x_wconf 64' lang='lat' dir='ltr'>rdolendum</span> <span class='ocrx_word' id='word_1_123' title='bbox 939 4462 1050 4519; x_wconf 86' lang='lat' dir='ltr'>est.</span> <span class='ocrx_word' id='word_1_124' title='bbox 1115 4456 1314 4519; x_wconf 92' lang='lat' dir='ltr'>Addit</span> <span class='ocrx_word' id='word_1_125' title='bbox 1379 4456 1567 4538; x_wconf 90' lang='lat' dir='ltr'>paulo</span> <span class='ocrx_word' id='word_1_126' title='bbox 1615 4454 1917 4517; x_wconf 86' lang='lat' dir='ltr'>inferius:</span> <span class='ocrx_word' id='word_1_127' title='bbox 1974 4454 2154 4534; x_wconf 86' lang='lat' dir='ltr'>„Hoc</span> <span class='ocrx_word' id='word_1_128' title='bbox 2199 4463 2519 4539; x_wconf 88' lang='lat' dir='ltr'>praestare</span> <span class='ocrx_word' id='word_1_129' title='bbox 2566 4460 2775 4521; x_wconf 87' lang='lat' dir='ltr'>conati</span> 
     </span>
     <span class='ocr_line' id='line_1_17' title="bbox 2544 4567 2571 4617; baseline 0 0"><span class='ocrx_word' id='word_1_130' title='bbox 2544 4567 2571 4617; x_wconf 79' lang='lat'><strong>1</strong></span> 
     </span>
    </p>
   </div>
  </div>
 </body>
</html>
