3509 5509
1381 1691 1684 1766 DIVUS
1737 1691 2285 1766 AUGUSTUS.

1061 2232 1215 2319 Gap.
1289 2234 1346 2298 8.
1416 2235 1776 2319 Profectum
1837 2256 1980 2300 mox
2022 2236 2407 2300 avunculum
2450 2237 2522 2300 in
2573 2236 2941 2320 Hispanias,

1142 2362 1444 2426 adversus
1520 2363 1632 2426 Cn.
1703 2362 1962 2447 Pompei
2021 2362 2259 2445 liberos,
2323 2363 2577 2427 vixdum·
2636 2364 2861 2432 firmus
2905 2384 2949 2426 a

1136 2487 1331 2569 yravi-
1379 2487 1736 2570 valitudine,
1787 2509 1910 2571 per
1967 2488 2240 2572 infestas
2292 2487 2563 2553 hostibus
2605 2471 2765 2552 vias·
2788 2489 2950 2569 pau·

1139 2614 1403 2678 cissimis
1469 2615 1788 2678 comitibus
1856 2614 2204 2699 naufrayio
2270 2615 2453 2679 etiam
2516 2614 2684 2698 facto
2744 2615 2953 2679 subse-

1141 2746 1342 2826 cutus,
1411 2762 1781 2825 mayuopere
1842 2741 2161 2837 demeruit,
2208 2740 2557 2825 approbata
2603 2741 2720 2805 cito
2763 2741 2951 2805 etiam

1138 2886 1380 2930 morum
1425 2866 1633 2931 indole
1679 2887 1871 2948 super
1915 2867 2161 2931 itineris
2203 2866 2605 2931 industriam.

786 3064 1128 3148 Augustus
1175 3064 1565 3127 avunculum
1619 3064 2001 3144 (Caesarem)
2041 3071 2302 3130 secutus
2342 3071 2437 3130 est
2476 3068 2545 3130 in
2570 3064 2946 3149 Hispaniam

697 3208 810 3271 per
879 3190 1017 3252 vias
1077 3190 1492 3272 periculosaS,
1553 3196 1624 3253 ut
1685 3189 1797 3271 ibi,
1856 3189 2123 3254 Caesare
2186 3191 2368 3273 duce,
2414 3190 2654 3255 bellum
2703 3197 2950 3276 gereret

699 3334 846 3377 cum
889 3314 1006 3379 Gn.
1046 3314 1333 3400 Pompeii
1378 3315 1612 3380 liberis.
1661 3315 1738 3379 In
1790 3315 2104 3400 Hispania
2151 3321 2362 3381 autem
2407 3316 2735 3381 Gaesarem
2779 3337 2949 3399 may-

699 3459 925 3519 uopere
991 3440 1306 3517 demeruit,
1370 3444 1409 3503 i.
1452 3460 1540 3505 e.:
1603 3440 1725 3505 sibi
1790 3442 2101 3523 devinxit,
2163 3442 2529 3524 obstrinxit,
2556 3442 2746 3507 'siout
2796 3444 2949 3527 legi-

701 3587 880 3631 mus:
931 3566 1275 3651 approbata
1321 3568 1437 3631 cito
1481 3586 1722 3631 morum
1771 3566 1994 3631 indole.
2042 3565 2213 3643 Quid
2261 3569 2365 3631 hie
2412 3568 2535 3631 sibi
2588 3568 2724 3632 vult
2765 3587 2947 3632 voca-

699 3693 921 3757 bulum
963 3693 1127 3757 cito?
1166 3693 1299 3756 Vix
1341 3693 1648 3777 explicari
1688 3698 1912 3775 potest,
1952 3698 2025 3755 ut
2065 3694 2244 3775 solet,
2269 3713 2429 3776 mox,
2453 3693 2619 3757 bre-oi
2641 3700 2941 3777 tempore,

697 3820 871 3883 addit
917 3821 1085 3883 enim
1138 3820 1392 3884 disertis
1439 3818 1652 3882 verbis
1693 3817 2074 3883 Suetonius:
2117 3819 2341 3881 etiam.
2368 3866 2381 3881 .
2408 3868 2420 3881 .
2448 3868 2459 3881 .
2485 3838 2675 3902 super
2697 3818 2949 3882 itin-eris

696 3945 1094 4019 iudustriam,
1165 3964 1329 4028 quae
1397 3944 1793 4029 significant:
1863 3944 2235 4028 Augustum
2304 3964 2431 4008 non
2479 3944 2949 4028 approbavisse,

695 4076 738 4138 i.
788 4091 873 4136 e.:
948 4072 1325 4152 ostendisse,
1369 4070 1654 4154 probam,
1699 4075 1935 4135 rectam
1984 4071 2264 4135 indolem
2314 4072 2632 4136 eeleritate
2684 4073 2948 4148 itineris,

697 4197 808 4261 sed
844 4200 1102 4280 praeter
1147 4196 1343 4279 (quod
1393 4215 1654 4279 prorsus
1700 4196 1870 4259 idem
1921 4196 2089 4259 valet
2136 4216 2209 4259 ae
2253 4202 2465 4276 super)
2510 4198 2675 4261 hanc
2724 4197 2945 4260 indus·

698 4322 884 4385 triam
933 4322 1075 4385 aliis
1123 4341 1382 4405 quoque
1426 4321 1629 4403 faetiS,
1677 4320 1871 4384 rebus
1920 4321 2164 4384 scilicet
2210 4322 2408 4405 gestis
2454 4323 2522 4384 in
2572 4320 2754 4384 bello,

786 4444 1235 4511 Locutionem:
1283 4466 1472 4530 super
1520 4447 1933 4508 coniunctum
1976 4464 2120 4508 cum
2149 4446 2353 4530 etiaim
2378 4466 2635 4531 quoque,
2659 4445 2753 4509 vel
2776 4445 2945 4529 apud
