3509 5509
1645 694 1723 756 61

561 905 835 989 Curiata,
906 907 971 969 in
1042 906 1305 970 alterius
1368 911 1740 991 potestatem
1806 908 2077 970 transire
2123 909 2451 989 poterant3
2501 907 2655 970 haec
2701 911 2798 970 est

557 1032 894 1115 adroyatio.
943 1031 1144 1097 Cuius
1189 1033 1454 1096 rationis
1500 1033 1885 1096 mentionem
1933 1031 2085 1096 facit
2129 1031 2478 1096 Suetonius
2514 1031 2799 1095 eiusdem

557 1160 724 1224 vitae
770 1178 904 1242 cap.
953 1159 1058 1240 65,
1105 1160 1277 1222 hisce
1327 1158 1572 1222 verbis:
1629 1205 1659 1239 „
1878 1158 2229 1242 Agrippam
2276 1159 2605 1241 simulque
2625 1155 2807 1220 Tibe—

555 1287 724 1349 rium
794 1285 1118 1368 adoptavit
1186 1286 1251 1348 in
1322 1285 1460 1349 foro
1515 1286 1656 1370 lege
1705 1284 2023 1349 Curiata.’'
2075 1284 2253 1362 Quae
2300 1304 2449 1350 vero
2498 1286 2617 1348 hoc
2664 1286 2803 1348 loco

554 1411 805 1474 disertis
853 1409 1066 1475 verbis
1113 1418 1327 1475 narrat
1373 1416 1614 1493 auctor,
1661 1431 1795 1494 cur,
1844 1431 2099 1495 quaese,
2149 1431 2224 1476 ea
2266 1429 2393 1475 non
2420 1430 2805 1475 commemo·

552 1543 722 1601 raret
767 1539 972 1621 capite
1017 1537 1432 1620 praecedente
1450 1538 1481 1600 P

641 1662 717 1727 Id
777 1665 947 1727 enim
997 1669 1110 1746 est,
1160 1664 1334 1748 quod
1379 1666 1444 1727 in
1497 1666 1815 1728 sententia
1862 1671 2081 1728 nostra
2128 1665 2522 1749 quaerimuS,
2569 1682 2800 1749 nempe

551 1810 674 1874 quo
732 1789 909 1854 modo
967 1791 1377 1876 adoptaverit.
1440 1791 1658 1874 Atque
1709 1791 1776 1853 id
1822 1793 2036 1874 ipsum
2084 1810 2344 1855 narrare
2397 1791 2599 1854 voluit
2646 1791 2803 1855 Sue-

551 1918 802 1981 tonius:
852 1920 1220 2000 Augustum
1270 1917 1676 2000 adoptavisse
1724 1917 1796 1981 G.
1844 1925 1907 1983 et
1952 1916 2019 1982 L.
2068 1938 2194 1982 non
2239 1917 2648 2002 adroqatione
2686 1919 2798 1983 sed

547 2043 1026 2125 mancipatione,
1091 2062 1283 2124 quam
1355 2042 1436 2105 ob
1509 2061 1771 2106 causam
1834 2062 1979 2106 eum
2031 2044 2363 2126 scripsisse
2410 2049 2585 2128 put0,
2635 2064 2798 2107 non:

552 2166 787 2232 Gaium
848 2172 906 2231 et
964 2166 1038 2231 L.
1097 2167 1436 2250 adoptavit,
1489 2167 1654 2232 domi
1685 2188 1810 2251 per
1854 2188 2053 2232 assem
2096 2189 2142 2232 e.
2165 2189 2221 2253 q.
2244 2189 2313 2250 s.,
2360 2169 2507 2233 sed:
2563 2167 2801 2233 Gaium

546 2299 602 2356 et
668 2293 742 2357 L.
811 2293 1130 2377 adoptavit
1189 2293 1370 2375 domi,
1427 2313 1540 2374 per
1598 2314 1802 2358 assem
1860 2299 1921 2358 et
1980 2295 2203 2358 libram
2248 2300 2480 2376 emptos
2525 2315 2568 2358 a
2615 2300 2799 2380 patre

546 2418 854 2505 Ayrippa.

635 2546 1160 2630 Interpunctione
1222 2551 1462 2610 mutata
1519 2548 1645 2609 iam
1712 2546 1780 2609 id
1840 2546 2131 2630 legimus,
2182 2548 2357 2630 quod
2396 2549 2799 2631 ‘quaerimu8,

546 2695 721 2739 nunc
767 2679 938 2740 enim
988 2677 1228 2738 scimus
1276 2674 1385 2738 ubi
1431 2673 1595 2737 facta
1642 2675 1726 2736 sit
1774 2672 2153 2758 mancipatio
2199 2674 2327 2757 illa,
2376 2678 2573 2758 atque
2598 2675 2788 2737 etiam

545 2822 690 2865 cum
741 2804 953 2867 utrius
1000 2805 1259 2867 nomine
1305 2802 1754 2886 coniungenda
1801 2804 1884 2865 sit
1931 2802 2161 2865 domus
2200 2802 2327 2866 illa.
2366 2802 2463 2866 Ea
2488 2804 2793 2865 nimirum

544 2934 641 2992 est
708 2929 1008 3013 Augusti.
1083 2928 1291 2993 Probe
1361 2929 1492 2992 scio
1549 2928 1760 3011 ·vulgo
1824 2928 2339 3011 mancipationem
2401 2927 2542 2991 fieri
2589 2928 2795 2992 solere

542 3026 711 3138 apud
780 3060 1153 3138 praetorem,
1221 3053 1402 3137 apud
1465 3074 1621 3137 eum,
1680 3054 1858 3138 apud
1899 3074 2081 3139 quem
2126 3052 2277 3137 leqis
2319 3053 2481 3117 actio
2524 3059 2629 3133 est,
2664 3030 2795 3117 ’sed

541 3180 710 3244 idem
780 3187 1029 3245 constat
1092 3181 1169 3245 de
1231 3182 1572 3264 emptione,
1620 3181 1793 3244 unde
1847 3180 2097 3245 efficere
2141 3199 2487 3266 possumus
2534 3180 2795 3244 licuisse

541 3306 839 3390 Augusto
902 3307 1072 3370 domi
1131 3307 1600 3390 adoptationem
1648 3306 1969 3391 perficere,
2019 3308 2171 3388 quia
2216 3308 2354 3390 ipse
2404 3306 2793 3370 iurisdictio-

540 3451 685 3497 nem
735 3432 1021 3497 habebat.

901 3692 1052 3773 cap.
1103 3694 1206 3757 67.
1255 3692 1599 3759 Diomeden
1649 3694 2150 3775 dispensatorem,
2197 3715 2240 3758 a
2286 3712 2408 3779 qao
2452 3693 2641 3758 simul
2660 3715 2792 3758 am-

979 3820 1236 3884 bulante
1293 3805 1653 3884 incurrenti
1712 3827 1962 3901 repente
2023 3820 2158 3904 fero
2201 3840 2359 3900 apro
2397 3839 2516 3900 per
2561 3825 2787 3885 metum

978 3946 1240 4011 obiectus
1321 3950 1427 4027 est,
1511 3946 1738 4010 maluit
1821 3944 2175 4010 timiditatis
2258 3966 2527 4032 arquere
2594 3966 2788 4031 qaam

978 4091 1178 4136 noxae
1224 4093 1270 4135 e.
1297 4092 1353 4155 q.
1378 4091 1424 4134 s.

621 4308 843 4373 Veteri
889 4308 1014 4370 iam
1063 4308 1416 4390 interpreti,
1460 4306 1809 4388 Torrenti0‚
1849 4311 2218 4390 suspectum
2242 4306 2369 4370 fuit
2394 4308 2778 4372 adiectivum

529 4434 755 4518 ferum.
825 4432 1206 4500 Defenditur
1264 4438 1473 4496 tamen
1538 4453 1575 4495 a
1644 4432 2040 4515 Burmanno,
2087 4435 2200 4517 qui
2246 4433 2427 4497 affert
2472 4433 2786 4497 nonnulla
