3509 5509
1820 671 1905 734 38

731 883 1049 947 ficiendus
1107 881 1251 946 sit.''
1313 880 1509 946 Recte
1570 883 1905 945 annotavit
1960 881 2039 944 ad
2086 881 2240 945 haec
2288 878 2484 944 verba
2530 879 2991 944 Burmannus:

735 1006 1076 1092 „Captivos
1138 1009 1226 1070 ita
1289 1011 1559 1071 tractare
1610 1025 1747 1070 mos
1795 1005 1937 1080 fuit,
1987 1007 2357 1090 praesertim
2410 1004 2836 1070 Poenorum.''
2882 1005 2989 1070 Sic
3094 1042 3100 1046 -

733 1138 949 1196 narrat
1009 1132 1087 1196 de
1145 1130 1512 1195 Hannibale
1570 1130 1712 1194 Val.
1774 1129 2101 1194 Maximus
2147 1130 2307 1212 (Lib.
2353 1129 2471 1194 IX.
2518 1151 2567 1194 c.
2620 1133 2716 1211 2):
2772 1129 2993 1212 „Quos

729 1276 880 1322 vero
942 1257 1010 1320 in
1067 1261 1274 1321 castra
1319 1256 1726 1340 perduxerat,
1774 1258 1953 1340 paria
1999 1256 2129 1321 fere
2172 1256 2442 1320 fratrum
2491 1262 2554 1320 et
2599 1259 2987 1341 propinquo-

729 1401 874 1446 rum
940 1383 1242 1465 iungens,
1301 1381 1467 1445 ferro
1515 1382 1856 1446 decernere
1898 1380 2241 1465 cogebat3'2
2290 1402 2485 1465 quam
2537 1384 2985 1447 narratiuncu-

736 1509 861 1572 lam
927 1509 1116 1573 etiam
1186 1507 1358 1592 apud
1427 1506 1682 1571 Livium
1754 1508 2145 1590 invenimus,
2212 1506 2377 1570 libro
2448 1506 2639 1592 XXI,
2694 1529 2827 1593 cap.
2883 1511 2990 1573 42.

665 1670 672 1676 -
733 1635 1071 1718 Appianus
1120 1653 1382 1717 quoque
1426 1634 1622 1698 huius
1667 1635 1763 1698 rei
1813 1635 2202 1699 mentionem
2245 1633 2429 1715 facit3
2470 1633 2784 1717 Eynatios
2807 1641 2993 1700 vocat

733 1765 976 1844 patrem
1024 1779 1099 1823 ao
1141 1759 1370 1841 filium,
1416 1765 1479 1823 et
1526 1760 1773 1823 mutuis
1822 1759 2201 1824 vulneribus
2249 1778 2359 1824 eos
2405 1761 2712 1826 cecidisse
2752 1761 2992 1843 scribit,

735 1885 908 1950 unde
973 1885 1118 1948 luce
1187 1885 1423 1948 clarius
1493 1889 1752 1968 apparet
1813 1903 1962 1948 eum
2010 1903 2272 1969 quoque
2318 1886 2601 1952 audiisse
2648 1892 2709 1952 et
2756 1887 2991 1970 legisse

735 2016 976 2095 patrem
1025 2028 1100 2073 ac
1141 2008 1350 2073 filium
1397 2008 1803 2092 dimicavisse,
1853 2029 1984 2073 non
2032 2009 2365 2073 micavisse.

821 2135 948 2200 Sed
995 2137 1186 2200 etiam
1232 2136 1490 2219 gravior
1536 2140 1732 2200 restat
1779 2154 1992 2218 causa,
2038 2155 2155 2199 cur
2202 2136 2389 2199 lectio
2434 2135 2662 2199 micare
2709 2135 2994 2200 tollenda

735 2260 893 2323 mihi
940 2259 1249 2323 videatur.
1296 2257 1480 2323 Duae
1525 2278 1629 2323 res
1677 2259 1920 2323 similes
1968 2260 2140 2343 apud
2166 2259 2547 2324 Suetonium
2574 2279 2825 2344 semper
2847 2263 2996 2325 iun-

732 2392 977 2471 guntur
1039 2388 1494 2451 coniunctione
1555 2387 1697 2463 sive,
1744 2406 2105 2470 numquam
2154 2379 2607 2452 coniunctione
2649 2387 2775 2468 vel3
2828 2390 2997 2452 inter

743 2532 813 2578 se
865 2512 1228 2577 differentes
1273 2531 1378 2577 res
1423 2518 1645 2576 contra
1691 2531 1944 2596 semper
1990 2518 2053 2577 et
2100 2514 2242 2576 sine
2289 2513 2419 2576 ulla
2464 2515 2840 2596 exceptione
2887 2514 2995 2577 ha-

745 2636 897 2701 bent
951 2638 1241 2720 copulam
1287 2636 1399 2720 vel,
1445 2657 1803 2721 numquam
1848 2638 1989 2702 sive.
2037 2636 2272 2702 Nostro
2320 2644 2536 2702 autem
2580 2639 2721 2702 loco
2766 2637 2995 2721 copula

743 2764 838 2830 vel
881 2770 1154 2830 testatur
1199 2770 1522 2830 auctorem
1571 2766 1823 2830 dedisse
1870 2766 2031 2831 duas
2078 2785 2198 2849 res,
2243 2786 2509 2849 prorsus
2552 2767 2721 2829 inter
2758 2785 2828 2830 se
2867 2766 2995 2829 dis-

746 2896 970 2969 tantes,
1037 2898 1112 2956 ut
1177 2910 1400 2956 revera
1468 2896 1647 2975 pater
1713 2898 1777 2956 et
1844 2891 2018 2957 filius
2080 2893 2399 2976 optionem
2467 2891 2673 2957 facere
2717 2898 2998 2975 possent,

749 3036 915 3101 quae
959 3019 1128 3082 inter
1170 3016 1554 3082 sortitionem
1599 3024 1661 3082 et
1706 3019 2095 3083 micationem
2142 3017 2280 3083 fieri
2327 3037 2457 3082 non
2506 3022 2731 3101 potest.

831 3144 1003 3229 Ergo
1062 3149 1285 3209 contra
1347 3164 1568 3210 omnes
1633 3146 1853 3209 doctos
1913 3146 2312 3228 interpreteS,
2374 3146 2486 3228 qui
2541 3163 2801 3228 pravam
2848 3144 2999 3207 reti-

745 3276 1030 3335 nuerunt
1090 3271 1194 3335 vel
1244 3273 1670 3336 restituerunt
1714 3271 2074 3354 lectionem,
2122 3271 2330 3335 adhuc
2376 3289 2605 3335 censeo
2653 3271 2994 3354 legendum

750 3418 923 3465 esse:
967 3404 1215 3479 patrem
1261 3405 1317 3464 et
1358 3398 1579 3482 filium,
1614 3420 1740 3484 pro
1785 3400 1917 3464 vita
1960 3399 2257 3482 rogantia
2303 3398 2520 3462 sortiri
2561 3397 2655 3463 vel
2699 3396 3001 3461 dimicare

749 3526 1022 3592 iussisse.

1114 3789 1264 3873 Cap.
1334 3787 1434 3850 16.
1493 3786 1774 3854 Siculum
1835 3787 2057 3853 bellum
2117 3787 2429 3853 inchoavit
2486 3788 2556 3851 in
2589 3788 2845 3872 primis,
2893 3787 3004 3852 sed

1196 3915 1307 3980 diu
1353 3916 1554 3979 traxit
1601 3915 2027 3979 intermissum
2073 3914 2341 3995 saepius,
2388 3914 2565 3980 modo
2609 3915 3000 3995 reparanda-

1195 4061 1341 4105 rum
1401 4040 1695 4105 classium
1753 4061 1963 4117 eausa,
2024 4061 2183 4123 quas
2243 4041 2705 4122 tempestatibus
2765 4041 3005 4127 duplici

1196 4168 1548 4253 naufrayio
1592 4172 1651 4232 et
1693 4168 1942 4252 quidem
1971 4188 2092 4252 per
2131 4171 2427 4233 aestatem
2466 4168 2768 4233 amiserat
2789 4190 2841 4234 e.
2867 4191 2926 4255 q.
2952 4190 2999 4233 s,

846 4403 1177 4469 Vocabula
1236 4404 1477 4484 duplici
1520 4405 1865 4489 naufragio
1911 4412 2210 4489 suspecta
2258 4406 2412 4470 mihi
2460 4406 2763 4470 videntur
2808 4409 3003 4489 atque
