3509 5509
1623 691 1698 752 ll

547 903 885 983 scriptores
952 901 1179 964 aetatis
1241 898 1548 964 Suetonii.
1603 898 1709 963 Sic
1757 901 2034 982 denique
2081 898 2459 981 explicanda
2508 904 2604 961 est
2650 916 2791 960 sen·

543 1026 739 1089 tentia
786 1030 1034 1089 nostra:
1085 1023 1155 1100 Q.
1203 1013 1440 1089 Curius
1486 1027 1734 1107 primus
1783 1026 2108 1089 accusavit
2151 1023 2479 1087 Gaesarem
2522 1030 2584 1087 et
2616 995 2792 1106 'apud

547 1155 947 1233 quaestorem
995 1157 1058 1213 et
1096 1151 1161 1211 in
1203 1156 1449 1230 senatu,
1489 1169 1619 1232 qua
1655 1151 1723 1211 in
1766 1168 1835 1213 re
1879 1168 2035 1212 usus
2060 1157 2157 1212 est
2182 1149 2569 1213 testimoniis
2596 1146 2796 1211 Vettii

544 1275 714 1358 apud
789 1275 1226 1357 magistratum
1299 1280 1361 1338 et
1423 1259 1641 1338 tabula
1703 1276 1771 1337 in
1824 1295 1952 1357 qua
2001 1276 2478 1338 coniuratorum
2529 1275 2793 1337 nomina

543 1403 892 1485 perscripta
937 1409 1134 1482 erant,
1183 1420 1377 1483 quam
1427 1401 1486 1464 ei
1537 1399 1794 1465 Vettius
1845 1401 2122 1484 dederat.

907 1659 1056 1740 Gap.
1130 1662 1225 1724 19.
1287 1659 1579 1724 Eandem
1623 1660 1692 1724 ob
1739 1680 1997 1724 causam
2043 1681 2229 1740 opera
2277 1660 2352 1724 ab
2400 1661 2793 1741 optimatibus

989 1786 1140 1848 data
1184 1792 1291 1870 est,
1339 1791 1412 1849 ut
1450 1785 1810 1864 provinciae
1856 1784 2102 1868 futuris
2144 1785 2501 1850 oonsulibus
2545 1786 2795 1849 minimi

989 1912 1234 1995 neyotii,
1281 1911 1351 1974 id
1393 1915 1485 1974 est
1529 1910 1722 1974 silvae
1767 1909 2087 1994 callesque,
2134 1911 2633 1977 decernerentur.

637 2148 987 2210 Annotavit
1047 2146 1126 2209 ad
1190 2147 1365 2210 huno
1424 2146 1635 2209 locum
1703 2145 1822 2209 Vir
1872 2145 2031 2210 Clar.
2078 2145 2518 2210 Halbertsma:
2576 2146 2793 2228 „Haec

546 2272 695 2336 ferri
757 2277 1036 2356 possent,
1082 2273 1137 2335 si
1181 2273 1492 2355 scriptum
1541 2271 1705 2336 foret
1746 2272 2107 2350 provinciae
2149 2272 2393 2354 futuris
2440 2271 2796 2336 consulibus

545 2395 735 2459 silvae
779 2395 1103 2480 callesque,
1143 2396 1209 2460 id
1247 2403 1340 2460 est
1376 2396 1624 2460 minimi
1662 2397 1908 2480 neyotii,
1948 2397 2446 2480 decernerentur,
2488 2417 2635 2460 nam
2682 2417 2794 2461 ex-

546 2525 800 2609 plicatio
868 2524 1130 2586 rarioris
1192 2523 1344 2585 dieti
1403 2525 1610 2606 sequi,
1660 2542 1789 2586 non
1837 2523 2212 2605 praeoedere
2258 2522 2437 2586 solet.
2487 2521 2574 2586 Ut
2618 2541 2796 2586 nuno

549 2652 785 2732 scripta
855 2655 1030 2728 sunt,
1095 2648 1289 2712 verba
1357 2647 1424 2711 id
1489 2654 1576 2711 est
1642 2647 1893 2710 minimi
1953 2647 2176 2729 neyotii
2236 2648 2409 2712 olent
2454 2648 2795 2732 glossema,

549 2776 720 2859 quod
769 2795 804 2839 e
852 2733 1102 2858 magiae
1153 2776 1521 2858 migraverit
1566 2776 1632 2838 in
1679 2773 1996 2837 textum.”
2041 2810 2130 2819 —
2182 2772 2385 2849 Quam
2434 2776 2789 2838 annotatio·

549 2917 692 2967 nem
764 2903 884 2965 viri
928 2889 1092 2967 ‘olan
1165 2921 1264 2965 me
1311 2919 1438 2965 non
1486 2901 1673 2983 plane
1716 2900 2079 2984 intelligere
2127 2899 2425 2963 lubenter
2470 2899 2793 2964 confiteor.

546 3027 710 3092 Nam
787 3034 898 3109 „ut
957 3048 1132 3092 nunc
1193 3031 1427 3112 scripta
1488 3034 1639 3092 sunt
1702 3028 1897 3091 verba
1957 3027 2025 3091 id
2084 3033 2176 3091 est
2219 3027 2463 3091 minimi
2505 3027 2795 3111 neyotii,''

545 3154 664 3249 ait,
699 3154 809 3217 sed
847 3154 938 3216 ita
985 3172 1159 3217 nuno
1207 3172 1335 3216 non
1387 3155 1620 3236 scripta
1666 3157 1839 3219 sunt.
1892 3151 2229 3237 Legimus:
2274 3152 2632 3232 provinciae
2680 3153 2793 3217 mi-

545 3279 704 3342 nimi
746 3278 991 3362 neyotii,
1040 3279 1108 3342 id
1148 3284 1241 3343 est
1284 3278 1476 3343 silvae
1519 3277 1843 3363 callesque.

635 3405 862 3468 Potius
932 3424 1083 3488 ergo
1145 3405 1332 3469 credo
1398 3404 1589 3469 verba
1633 3405 1704 3468 id
1745 3410 1834 3468 est
1878 3403 2072 3468 silvae
2116 3404 2419 3490 callesque
2468 3407 2796 3470 continere

546 3532 877 3614 emblema,
937 3553 974 3596 a
1034 3533 1386 3616 glossatore
1448 3535 1957 3616 suprascriptum
2021 3532 2353 3597 vocabulis
2399 3533 2643 3596 minimi
2688 3553 2794 3597 ne-

539 3657 713 3741 qotii.
776 3656 1180 3742 Quamquam
1229 3677 1549 3742 perpauca
1595 3664 1894 3723 constant
1940 3659 2019 3722 de
2065 3659 2182 3722 hae
2229 3661 2560 3742 provincia
2606 3659 2793 3723 silva-

546 3804 689 3848 rum
734 3782 1123 3868 ealliumque,
1168 3791 1379 3849 tamen
1431 3786 1776 3850 verisimile
1824 3792 1921 3850 est
1963 3787 2151 3849 talem
2204 3788 2550 3852 exstitisse.
2599 3787 2792 3870 Apud

543 3909 829 3974 Tacitum
899 3912 1070 3974 enim
1135 3913 1328 3992 (Anu.
1389 3910 1458 3976 L.
1516 3910 1628 3975 IV.
1692 3932 1742 3975 o.
1810 3912 1917 3993 27)
1980 3913 2074 3975 sio
2135 3913 2446 3995 legimus:
2512 3919 2615 3993 „et
2660 3918 2796 3977 erat

544 4036 748 4100 isdem
841 4039 1213 4119 regionibus
1297 4036 1527 4102 Cutius
1604 4036 1829 4121 Lupus
1900 4044 2218 4123 quaestor,
2289 4040 2395 4103 oui
2466 4040 2796 4122 provincia

546 4169 758 4227 vetere
824 4182 906 4228 ex
979 4184 1156 4229 more
1215 4166 1406 4229 calles
1469 4165 1875 4248 evenerant,”
1942 4166 2113 4230 unde
2174 4172 2347 4251 patet
2402 4168 2796 4247 provinciam

541 4289 743 4354 fuisse
804 4311 1023 4355 curam
1088 4290 1490 4375 publicorum
1554 4294 1837 4357 saltuum
1902 4293 2309 4378 calliumque.
2357 4293 2533 4359 Haec
2580 4300 2793 4360 autem

546 4419 873 4500 provincia
931 4420 1187 4503 proprie
1248 4410 1618 4484 demandari
1671 4420 1915 4486 solebat
1962 4420 2426 4505 quaestoribus.
2475 4424 2667 4489 Anne
2713 4443 2795 4488 ex
