<?xml version="1.0" encoding="UTF-8"?>
<!DOCTYPE html PUBLIC "-//W3C//DTD XHTML 1.0 Transitional//EN"
    "http://www.w3.org/TR/xhtml1/DTD/xhtml1-transitional.dtd">
<html xmlns="http://www.w3.org/1999/xhtml" xml:lang="en" lang="en">
 <head>
  <title>
</title>
<meta http-equiv="Content-Type" content="text/html;charset=utf-8" />
  <meta name='ocr-system' content='tesseract 3.04.00' />
  <meta name='ocr-capabilities' content='ocr_page ocr_carea ocr_par ocr_line ocrx_word'/>
</head>
<body>
  <div class='ocr_page' id='page_1' title='image "./spicilegiumcrit00boekgoog_0064.png"; bbox 0 0 3509 5509; ppageno 0'>
   <div class='ocr_carea' id='block_1_1' title="bbox 1858 705 1940 766">
    <p class='ocr_par' dir='ltr' id='par_1_1' title="bbox 1858 705 1940 766">
     <span class='ocr_line' id='line_1_1' title="bbox 1858 705 1940 766; baseline 0 0"><span class='ocrx_word' id='word_1_1' title='bbox 1858 705 1940 766; x_wconf 84' lang='lat'>52</span> 
     </span>
    </p>
   </div>
   <div class='ocr_carea' id='block_1_2' title="bbox 764 914 3023 2132">
    <p class='ocr_par' dir='ltr' id='par_1_2' title="bbox 764 914 3023 1505">
     <span class='ocr_line' id='line_1_2' title="bbox 769 914 3016 980; baseline -0 -1"><span class='ocrx_word' id='word_1_2' title='bbox 769 914 999 980; x_wconf 89' lang='lat' dir='ltr'>deinde</span> <span class='ocrx_word' id='word_1_3' title='bbox 1068 935 1196 980; x_wconf 91' lang='lat' dir='ltr'>non</span> <span class='ocrx_word' id='word_1_4' title='bbox 1267 917 1421 980; x_wconf 89' lang='lat' dir='ltr'>satis</span> <span class='ocrx_word' id='word_1_5' title='bbox 1481 915 1804 979; x_wconf 86' lang='lat' dir='ltr'>intellecta</span> <span class='ocrx_word' id='word_1_6' title='bbox 1849 919 2003 978; x_wconf 93' lang='lat' dir='ltr'>sunt</span> <span class='ocrx_word' id='word_1_7' title='bbox 2048 918 2112 978; x_wconf 90' lang='lat' dir='ltr'>et</span> <span class='ocrx_word' id='word_1_8' title='bbox 2157 916 2224 977; x_wconf 91' lang='lat' dir='ltr'>in</span> <span class='ocrx_word' id='word_1_9' title='bbox 2276 934 2481 978; x_wconf 90' lang='lat' dir='ltr'>unum</span> <span class='ocrx_word' id='word_1_10' title='bbox 2529 914 2782 978; x_wconf 87' lang='lat' dir='ltr'>tandem</span> <span class='ocrx_word' id='word_1_11' title='bbox 2832 933 3016 978; x_wconf 88' lang='lat' dir='ltr'>voca-</span> 
     </span>
     <span class='ocr_line' id='line_1_3' title="bbox 766 1039 3020 1123; baseline 0 -18"><span class='ocrx_word' id='word_1_12' title='bbox 766 1041 994 1105; x_wconf 91' lang='lat' dir='ltr'>bulum</span> <span class='ocrx_word' id='word_1_13' title='bbox 1055 1042 1448 1106; x_wconf 90' lang='lat' dir='ltr'>coaluerunt.</span> <span class='ocrx_word' id='word_1_14' title='bbox 1508 1039 1686 1117; x_wconf 82' lang='lat' dir='ltr'>Quae</span> <span class='ocrx_word' id='word_1_15' title='bbox 1748 1047 1959 1105; x_wconf 90' lang='lat' dir='ltr'>tamen</span> <span class='ocrx_word' id='word_1_16' title='bbox 2011 1060 2234 1105; x_wconf 87' lang='lat' dir='ltr'>revera</span> <span class='ocrx_word' id='word_1_17' title='bbox 2282 1043 2605 1123; x_wconf 84' lang='lat' dir='ltr'><strong>scripserit</strong></span> <span class='ocrx_word' id='word_1_18' title='bbox 2653 1040 3020 1123; x_wconf 67' lang='lat' dir='ltr'>Suetonius»,</span> 
     </span>
     <span class='ocr_line' id='line_1_4' title="bbox 771 1167 3022 1253; baseline -0.001 -22"><span class='ocrx_word' id='word_1_19' title='bbox 771 1187 1065 1253; x_wconf 87' lang='lat' dir='ltr'>quaeque</span> <span class='ocrx_word' id='word_1_20' title='bbox 1133 1188 1310 1232; x_wconf 91' lang='lat' dir='ltr'>nunc</span> <span class='ocrx_word' id='word_1_21' title='bbox 1380 1187 1462 1232; x_wconf 88' lang='lat' dir='ltr'>ex</span> <span class='ocrx_word' id='word_1_22' title='bbox 1527 1168 1894 1232; x_wconf 87' lang='lat' dir='ltr'>coniectura</span> <span class='ocrx_word' id='word_1_23' title='bbox 1942 1169 2007 1230; x_wconf 91' lang='lat' dir='ltr'>in</span> <span class='ocrx_word' id='word_1_24' title='bbox 2059 1168 2380 1250; x_wconf 83' lang='lat' dir='ltr'>integrum</span> <span class='ocrx_word' id='word_1_25' title='bbox 2432 1167 2829 1231; x_wconf 87' lang='lat' dir='ltr'>restituenda</span> <span class='ocrx_word' id='word_1_26' title='bbox 2875 1169 3022 1248; x_wconf 88' lang='lat' dir='ltr'>sint,</span> 
     </span>
     <span class='ocr_line' id='line_1_5' title="bbox 767 1293 3023 1392; baseline -0 -34"><span class='ocrx_word' id='word_1_27' title='bbox 767 1300 1049 1359; x_wconf 88' lang='lat' dir='ltr'>statuere</span> <span class='ocrx_word' id='word_1_28' title='bbox 1097 1315 1227 1359; x_wconf 93' lang='lat' dir='ltr'>non</span> <span class='ocrx_word' id='word_1_29' title='bbox 1274 1315 1555 1379; x_wconf 89' lang='lat' dir='ltr'>possum.</span> <span class='ocrx_word' id='word_1_30' title='bbox 1605 1293 1933 1392; x_wconf 76' lang='lat' dir='ltr'>Coniicere</span> <span class='ocrx_word' id='word_1_31' title='bbox 1972 1294 2416 1358; x_wconf 87' lang='lat' dir='ltr'>tantummodo</span> <span class='ocrx_word' id='word_1_32' title='bbox 2456 1293 2643 1358; x_wconf 93' lang='lat' dir='ltr'>nobis</span> <span class='ocrx_word' id='word_1_33' title='bbox 2668 1295 2831 1374; x_wconf 89' lang='lat' dir='ltr'>licet,</span> <span class='ocrx_word' id='word_1_34' title='bbox 2858 1313 3023 1377; x_wconf 91' lang='lat' dir='ltr'>quae</span> 
     </span>
     <span class='ocr_line' id='line_1_6' title="bbox 764 1421 1827 1505; baseline 0 -21"><span class='ocrx_word' id='word_1_35' title='bbox 764 1421 896 1485; x_wconf 89' lang='lat' dir='ltr'>fere</span> <span class='ocrx_word' id='word_1_36' title='bbox 943 1426 1167 1485; x_wconf 79' lang='lat' dir='ltr'>auctor</span> <span class='ocrx_word' id='word_1_37' title='bbox 1213 1421 1490 1486; x_wconf 90' lang='lat' dir='ltr'>scribere</span> <span class='ocrx_word' id='word_1_38' title='bbox 1535 1423 1827 1505; x_wconf 89' lang='lat' dir='ltr'>potuerit.</span> 
     </span>
    </p>

    <p class='ocr_par' dir='ltr' id='par_1_3' title="bbox 765 1546 3021 2132">
     <span class='ocr_line' id='line_1_7' title="bbox 854 1546 3021 1632; baseline 0.001 -23"><span class='ocrx_word' id='word_1_39' title='bbox 854 1546 1003 1630; x_wconf 88' lang='lat' dir='ltr'>Ipsa</span> <span class='ocrx_word' id='word_1_40' title='bbox 1045 1548 1312 1611; x_wconf 90' lang='lat' dir='ltr'>crimina</span> <span class='ocrx_word' id='word_1_41' title='bbox 1354 1567 1608 1611; x_wconf 91' lang='lat' dir='ltr'>reorum</span> <span class='ocrx_word' id='word_1_42' title='bbox 1637 1567 1765 1610; x_wconf 91' lang='lat' dir='ltr'>non</span> <span class='ocrx_word' id='word_1_43' title='bbox 1792 1548 2227 1627; x_wconf 83' lang='lat' dir='ltr'>nominantur,</span> <span class='ocrx_word' id='word_1_44' title='bbox 2253 1546 2424 1610; x_wconf 92' lang='lat' dir='ltr'>unde</span> <span class='ocrx_word' id='word_1_45' title='bbox 2450 1553 2711 1630; x_wconf 86' lang='lat' dir='ltr'>apparet</span> <span class='ocrx_word' id='word_1_46' title='bbox 2733 1548 3021 1632; x_wconf 80' lang='lat' dir='ltr'><strong>Augusti</strong></span> 
     </span>
     <span class='ocr_line' id='line_1_8' title="bbox 766 1672 3020 1756; baseline 0.001 -21"><span class='ocrx_word' id='word_1_47' title='bbox 766 1672 1220 1754; x_wconf 79' lang='lat' dir='ltr'>benignitatem</span> <span class='ocrx_word' id='word_1_48' title='bbox 1269 1673 1669 1756; x_wconf 84' lang='lat' dir='ltr'>complexam</span> <span class='ocrx_word' id='word_1_49' title='bbox 1719 1689 1860 1736; x_wconf 89' lang='lat' dir='ltr'>esse</span> <span class='ocrx_word' id='word_1_50' title='bbox 1904 1674 2234 1736; x_wconf 86' lang='lat' dir='ltr'>variorum</span> <span class='ocrx_word' id='word_1_51' title='bbox 2282 1673 2628 1736; x_wconf 89' lang='lat' dir='ltr'>criminum</span> <span class='ocrx_word' id='word_1_52' title='bbox 2669 1691 2829 1736; x_wconf 82' lang='lat' dir='ltr'>reoS.</span> <span class='ocrx_word' id='word_1_53' title='bbox 2872 1673 3020 1737; x_wconf 84' lang='lat' dir='ltr'>Sive</span> 
     </span>
     <span class='ocr_line' id='line_1_9' title="bbox 767 1797 3019 1882; baseline 0.001 -22"><span class='ocrx_word' id='word_1_54' title='bbox 767 1802 978 1861; x_wconf 88' lang='lat' dir='ltr'>autem</span> <span class='ocrx_word' id='word_1_55' title='bbox 1049 1798 1400 1881; x_wconf 83' lang='lat' dir='ltr'>accipimus</span> <span class='ocrx_word' id='word_1_56' title='bbox 1460 1798 1834 1881; x_wconf 86' lang='lat' dir='ltr'>Augustum</span> <span class='ocrx_word' id='word_1_57' title='bbox 1897 1797 2273 1863; x_wconf 85' lang='lat' dir='ltr'>liberavisse</span> <span class='ocrx_word' id='word_1_58' title='bbox 2335 1799 2531 1862; x_wconf 90' lang='lat' dir='ltr'>unius</span> <span class='ocrx_word' id='word_1_59' title='bbox 2593 1801 2849 1882; x_wconf 88' lang='lat' dir='ltr'>generis</span> <span class='ocrx_word' id='word_1_60' title='bbox 2898 1800 3019 1862; x_wconf 92' lang='lat' dir='ltr'>cri-</span> 
     </span>
     <span class='ocr_line' id='line_1_10' title="bbox 770 1922 3017 2005; baseline 0 -20"><span class='ocrx_word' id='word_1_61' title='bbox 770 1923 1013 1986; x_wconf 91' lang='lat' dir='ltr'>minum</span> <span class='ocrx_word' id='word_1_62' title='bbox 1063 1942 1222 2005; x_wconf 89' lang='lat' dir='ltr'>reos,</span> <span class='ocrx_word' id='word_1_63' title='bbox 1271 1925 1409 1986; x_wconf 90' lang='lat' dir='ltr'>sive</span> <span class='ocrx_word' id='word_1_64' title='bbox 1454 1923 1777 1985; x_wconf 88' lang='lat' dir='ltr'>variorum</span> <span class='ocrx_word' id='word_1_65' title='bbox 1821 1923 2162 1987; x_wconf 88' lang='lat' dir='ltr'>criminum</span> <span class='ocrx_word' id='word_1_66' title='bbox 2207 1942 2367 2003; x_wconf 89' lang='lat' dir='ltr'>reos,</span> <span class='ocrx_word' id='word_1_67' title='bbox 2394 1923 2563 1986; x_wconf 88' lang='lat' dir='ltr'>haud</span> <span class='ocrx_word' id='word_1_68' title='bbox 2590 1922 3017 1986; x_wconf 89' lang='lat' dir='ltr'>dubitandum</span> 
     </span>
     <span class='ocr_line' id='line_1_11' title="bbox 765 2049 3019 2132; baseline -0 -19"><span class='ocrx_word' id='word_1_69' title='bbox 765 2054 863 2113; x_wconf 88' lang='lat' dir='ltr'>est</span> <span class='ocrx_word' id='word_1_70' title='bbox 924 2049 1082 2132; x_wconf 91' lang='lat' dir='ltr'>quin</span> <span class='ocrx_word' id='word_1_71' title='bbox 1146 2054 1370 2112; x_wconf 88' lang='lat' dir='ltr'>auctor</span> <span class='ocrx_word' id='word_1_72' title='bbox 1415 2049 1518 2111; x_wconf 90' lang='lat' dir='ltr'>hic</span> <span class='ocrx_word' id='word_1_73' title='bbox 1563 2066 1825 2131; x_wconf 89' lang='lat' dir='ltr'>quoque</span> <span class='ocrx_word' id='word_1_74' title='bbox 1869 2049 2215 2112; x_wconf 92' lang='lat' dir='ltr'>criminum</span> <span class='ocrx_word' id='word_1_75' title='bbox 2266 2068 2577 2132; x_wconf 85' lang='lat' dir='ltr'>generum</span> <span class='ocrx_word' id='word_1_76' title='bbox 2631 2051 3019 2113; x_wconf 87' lang='lat' dir='ltr'>mentionem</span> 
     </span>
    </p>
   </div>
   <div class='ocr_carea' id='block_1_3' title="bbox 766 2173 3026 2257">
    <p class='ocr_par' dir='ltr' id='par_1_4' title="bbox 766 2173 3026 2257">
     <span class='ocr_line' id='line_1_12' title="bbox 766 2173 3026 2257; baseline -0 -20"><span class='ocrx_word' id='word_1_77' title='bbox 766 2174 1001 2239; x_wconf 88' lang='lat' dir='ltr'>fecerit.</span> <span class='ocrx_word' id='word_1_78' title='bbox 1064 2173 1400 2256; x_wconf 86' lang='lat' dir='ltr'>Nusquam</span> <span class='ocrx_word' id='word_1_79' title='bbox 1465 2173 1638 2256; x_wconf 90' lang='lat' dir='ltr'>apud</span> <span class='ocrx_word' id='word_1_80' title='bbox 1686 2173 2067 2237; x_wconf 85' lang='lat' dir='ltr'>Suetonium</span> <span class='ocrx_word' id='word_1_81' title='bbox 2118 2175 2389 2257; x_wconf 85' lang='lat' dir='ltr'>legimus</span> <span class='ocrx_word' id='word_1_82' title='bbox 2439 2174 2823 2239; x_wconf 89' lang='lat' dir='ltr'>vocabulum</span> <span class='ocrx_word' id='word_1_83' title='bbox 2871 2194 3026 2238; x_wconf 80' lang='lat' dir='ltr'>reus</span> 
     </span>
    </p>
   </div>
   <div class='ocr_carea' id='block_1_4' title="bbox 767 2300 3021 2510">
    <p class='ocr_par' dir='ltr' id='par_1_5' title="bbox 767 2300 3021 2510">
     <span class='ocr_line' id='line_1_13' title="bbox 769 2300 3019 2385; baseline -0.001 -21"><span class='ocrx_word' id='word_1_84' title='bbox 769 2300 939 2366; x_wconf 91' lang='lat' dir='ltr'>nude</span> <span class='ocrx_word' id='word_1_85' title='bbox 1026 2302 1326 2385; x_wconf 88' lang='lat' dir='ltr'>positum,</span> <span class='ocrx_word' id='word_1_86' title='bbox 1411 2319 1661 2383; x_wconf 90' lang='lat' dir='ltr'>semper</span> <span class='ocrx_word' id='word_1_87' title='bbox 1745 2301 2165 2364; x_wconf 89' lang='lat' dir='ltr'>coniunctum</span> <span class='ocrx_word' id='word_1_88' title='bbox 2252 2321 2398 2365; x_wconf 92' lang='lat' dir='ltr'>cum</span> <span class='ocrx_word' id='word_1_89' title='bbox 2488 2302 2654 2365; x_wconf 89' lang='lat' dir='ltr'>alius</span> <span class='ocrx_word' id='word_1_90' title='bbox 2725 2301 3019 2365; x_wconf 88' lang='lat' dir='ltr'>substan-</span> 
     </span>
     <span class='ocr_line' id='line_1_14' title="bbox 767 2426 3021 2510; baseline -0 -20"><span class='ocrx_word' id='word_1_91' title='bbox 767 2427 881 2490; x_wconf 84' lang='lat' dir='ltr'>tivi</span> <span class='ocrx_word' id='word_1_92' title='bbox 952 2427 1254 2510; x_wconf 86' lang='lat' dir='ltr'>genitivo,</span> <span class='ocrx_word' id='word_1_93' title='bbox 1323 2432 1429 2489; x_wconf 88' lang='lat' dir='ltr'>ut:</span> <span class='ocrx_word' id='word_1_94' title='bbox 1495 2426 1727 2507; x_wconf 88' lang='lat' dir='ltr'>caedis,</span> <span class='ocrx_word' id='word_1_95' title='bbox 1790 2426 2132 2510; x_wconf 89' lang='lat' dir='ltr'>parricidii,</span> <span class='ocrx_word' id='word_1_96' title='bbox 2191 2428 2497 2510; x_wconf 88' lang='lat' dir='ltr'>criminis,</span> <span class='ocrx_word' id='word_1_97' title='bbox 2547 2428 2863 2509; x_wconf 89' lang='lat' dir='ltr'>adulterii,</span> <span class='ocrx_word' id='word_1_98' title='bbox 2910 2427 3021 2489; x_wconf 94' lang='lat' dir='ltr'>ob-</span> 
     </span>
    </p>
   </div>
   <div class='ocr_carea' id='block_1_5' title="bbox 767 2551 3079 2639">
    <p class='ocr_par' dir='ltr' id='par_1_6' title="bbox 767 2551 3079 2639">
     <span class='ocr_line' id='line_1_15' title="bbox 767 2551 3079 2639; baseline 0 -23"><span class='ocrx_word' id='word_1_99' title='bbox 767 2553 1153 2633; x_wconf 85' lang='lat' dir='ltr'>scoenitatis,</span> <span class='ocrx_word' id='word_1_100' title='bbox 1220 2552 1523 2615; x_wconf 90' lang='lat' dir='ltr'>falsarum</span> <span class='ocrx_word' id='word_1_101' title='bbox 1590 2551 1976 2633; x_wconf 87' lang='lat' dir='ltr'>tabularum,</span> <span class='ocrx_word' id='word_1_102' title='bbox 2025 2555 2389 2633; x_wconf 86' lang='lat' dir='ltr'>maiestatis,</span> <span class='ocrx_word' id='word_1_103' title='bbox 2435 2555 2681 2636; x_wconf 87' lang='lat' dir='ltr'>incesti,</span> <span class='ocrx_word' id='word_1_104' title='bbox 2729 2556 3017 2639; x_wconf 91' lang='lat' dir='ltr'>omnium</span> <span class='ocrx_word' id='word_1_105' title='bbox 3076 2613 3079 2616; x_wconf 81' lang='grc'>,</span> 
     </span>
    </p>
   </div>
   <div class='ocr_carea' id='block_1_6' title="bbox 753 2679 3021 4508">
    <p class='ocr_par' dir='ltr' id='par_1_7' title="bbox 758 2679 3021 4005">
     <span class='ocr_line' id='line_1_16' title="bbox 767 2679 3019 2766; baseline 0.001 -24"><span class='ocrx_word' id='word_1_106' title='bbox 767 2681 1128 2761; x_wconf 85' lang='lat' dir='ltr'>criminum,</span> <span class='ocrx_word' id='word_1_107' title='bbox 1198 2679 1684 2764; x_wconf 84' lang='lat' dir='ltr'>peregrinitatis,</span> <span class='ocrx_word' id='word_1_108' title='bbox 1754 2680 2246 2765; x_wconf 87' lang='lat' dir='ltr'>interceptarum</span> <span class='ocrx_word' id='word_1_109' title='bbox 2321 2684 2761 2766; x_wconf 87' lang='lat' dir='ltr'>pecuniarum.</span> <span class='ocrx_word' id='word_1_110' title='bbox 2824 2681 3019 2745; x_wconf 91' lang='lat' dir='ltr'>Hunc</span> 
     </span>
     <span class='ocr_line' id='line_1_17' title="bbox 769 2806 3021 2890; baseline 0 -21"><span class='ocrx_word' id='word_1_111' title='bbox 769 2810 983 2870; x_wconf 89' lang='lat' dir='ltr'>autem</span> <span class='ocrx_word' id='word_1_112' title='bbox 1054 2807 1432 2889; x_wconf 86' lang='lat' dir='ltr'>genitivum,</span> <span class='ocrx_word' id='word_1_113' title='bbox 1494 2808 1531 2867; x_wconf 93' lang='lat' dir='ltr'>i.</span> <span class='ocrx_word' id='word_1_114' title='bbox 1583 2824 1668 2869; x_wconf 91' lang='lat' dir='ltr'>e.:</span> <span class='ocrx_word' id='word_1_115' title='bbox 1720 2807 2064 2870; x_wconf 91' lang='lat' dir='ltr'>criminum</span> <span class='ocrx_word' id='word_1_116' title='bbox 2113 2826 2339 2890; x_wconf 85' lang='lat' dir='ltr'>genus,</span> <span class='ocrx_word' id='word_1_117' title='bbox 2386 2806 2489 2868; x_wconf 90' lang='lat' dir='ltr'>hic</span> <span class='ocrx_word' id='word_1_118' title='bbox 2538 2808 2909 2889; x_wconf 87' lang='lat' dir='ltr'>quaerimus</span> <span class='ocrx_word' id='word_1_119' title='bbox 2958 2813 3021 2870; x_wconf 90' lang='lat' dir='ltr'>et</span> 
     </span>
     <span class='ocr_line' id='line_1_18' title="bbox 763 2932 3021 3016; baseline -0 -19"><span class='ocrx_word' id='word_1_120' title='bbox 763 2952 902 2997; x_wconf 90' lang='lat' dir='ltr'>eam</span> <span class='ocrx_word' id='word_1_121' title='bbox 972 2932 1052 2996; x_wconf 88' lang='lat' dir='ltr'>ob</span> <span class='ocrx_word' id='word_1_122' title='bbox 1124 2952 1380 2997; x_wconf 90' lang='lat' dir='ltr'>causam</span> <span class='ocrx_word' id='word_1_123' title='bbox 1454 2932 1767 2996; x_wconf 89' lang='lat' dir='ltr'>nonnulla</span> <span class='ocrx_word' id='word_1_124' title='bbox 1828 2935 2123 3016; x_wconf 88' lang='lat' dir='ltr'>suspicor</span> <span class='ocrx_word' id='word_1_125' title='bbox 2184 2933 2523 2997; x_wconf 86' lang='lat' dir='ltr'>evanuisse</span> <span class='ocrx_word' id='word_1_126' title='bbox 2573 2932 2898 3013; x_wconf 88' lang='lat' dir='ltr'>vocabula,</span> <span class='ocrx_word' id='word_1_127' title='bbox 2947 2938 3021 2996; x_wconf 92' lang='lat' dir='ltr'>ut</span> 
     </span>
     <span class='ocr_line' id='line_1_19' title="bbox 764 3058 3016 3142; baseline -0.001 -20"><span class='ocrx_word' id='word_1_128' title='bbox 764 3078 815 3122; x_wconf 92' lang='lat' dir='ltr'>e.</span> <span class='ocrx_word' id='word_1_129' title='bbox 841 3079 932 3142; x_wconf 61' lang='lat' dir='ltr'>gx:</span> <span class='ocrx_word' id='word_1_130' title='bbox 981 3058 1302 3121; x_wconf 79' lang='lat' dir='ltr'>variorum</span> <span class='ocrx_word' id='word_1_131' title='bbox 1340 3058 1676 3122; x_wconf 79' lang='lat' dir='ltr'>criminum</span> <span class='ocrx_word' id='word_1_132' title='bbox 1716 3060 2023 3136; x_wconf 82' lang='lat' dir='ltr'>(reorum).</span> <span class='ocrx_word' id='word_1_133' title='bbox 2066 3060 2326 3140; x_wconf 80' lang='lat' dir='ltr'>Sensus„</span> <span class='ocrx_word' id='word_1_134' title='bbox 2370 3059 2481 3140; x_wconf 91' lang='lat' dir='ltr'>qui</span> <span class='ocrx_word' id='word_1_135' title='bbox 2506 3065 2603 3121; x_wconf 91' lang='lat' dir='ltr'>est</span> <span class='ocrx_word' id='word_1_136' title='bbox 2628 3060 2693 3120; x_wconf 90' lang='lat' dir='ltr'>in</span> <span class='ocrx_word' id='word_1_137' title='bbox 2719 3058 2847 3137; x_wconf 79' lang='lat' dir='ltr'>diu,</span> <span class='ocrx_word' id='word_1_138' title='bbox 2870 3060 3016 3120; x_wconf 85' lang='lat' dir='ltr'>reti-</span> 
     </span>
     <span class='ocr_line' id='line_1_20' title="bbox 766 3179 3014 3265; baseline -0.002 -19"><span class='ocrx_word' id='word_1_139' title='bbox 766 3182 1018 3246; x_wconf 91' lang='lat' dir='ltr'>nendus</span> <span class='ocrx_word' id='word_1_140' title='bbox 1059 3189 1174 3265; x_wconf 88' lang='lat' dir='ltr'>est,</span> <span class='ocrx_word' id='word_1_141' title='bbox 1221 3182 1331 3246; x_wconf 90' lang='lat' dir='ltr'>sed</span> <span class='ocrx_word' id='word_1_142' title='bbox 1381 3202 1510 3245; x_wconf 93' lang='lat' dir='ltr'>non</span> <span class='ocrx_word' id='word_1_143' title='bbox 1553 3201 1714 3264; x_wconf 88' lang='lat' dir='ltr'>opus</span> <span class='ocrx_word' id='word_1_144' title='bbox 1754 3187 1853 3245; x_wconf 90' lang='lat' dir='ltr'>est</span> <span class='ocrx_word' id='word_1_145' title='bbox 1891 3182 2201 3245; x_wconf 89' lang='lat' dir='ltr'>adiectivo</span> <span class='ocrx_word' id='word_1_146' title='bbox 2227 3181 2687 3255; x_wconf 81' lang='lat' dir='ltr'>diuturnorum,</span> <span class='ocrx_word' id='word_1_147' title='bbox 2712 3179 3014 3244; x_wconf 88' lang='lat' dir='ltr'>adverbio</span> 
     </span>
     <span class='ocr_line' id='line_1_21' title="bbox 763 3305 3013 3391; baseline 0 -22"><span class='ocrx_word' id='word_1_148' title='bbox 763 3308 977 3391; x_wconf 90' lang='lat' dir='ltr'>potius</span> <span class='ocrx_word' id='word_1_149' title='bbox 1025 3309 1285 3390; x_wconf 69' lang='lat' dir='ltr'>diutim,</span> <span class='ocrx_word' id='word_1_150' title='bbox 1332 3308 1502 3391; x_wconf 90' lang='lat' dir='ltr'>quod</span> <span class='ocrx_word' id='word_1_151' title='bbox 1551 3308 1912 3391; x_wconf 85' lang='lat' dir='ltr'>significare</span> <span class='ocrx_word' id='word_1_152' title='bbox 1960 3307 2180 3372; x_wconf 88' lang='lat' dir='ltr'>debet:</span> <span class='ocrx_word' id='word_1_153' title='bbox 2230 3326 2345 3389; x_wconf 77' lang='lat'>608,</span> <span class='ocrx_word' id='word_1_154' title='bbox 2384 3307 2498 3389; x_wconf 79' lang='lat' dir='ltr'>qui</span> <span class='ocrx_word' id='word_1_155' title='bbox 2540 3306 2667 3369; x_wconf 83' lang='lat' dir='ltr'>iam</span> <span class='ocrx_word' id='word_1_156' title='bbox 2687 3306 2875 3369; x_wconf 82' lang='lat' dir='ltr'>nimis</span> <span class='ocrx_word' id='word_1_157' title='bbox 2898 3305 3013 3369; x_wconf 78' lang='lat' dir='ltr'>diu</span> 
     </span>
     <span class='ocr_line' id='line_1_22' title="bbox 760 3432 3010 3517; baseline -0.001 -20"><span class='ocrx_word' id='word_1_158' title='bbox 760 3434 928 3497; x_wconf 80' lang='lat' dir='ltr'>inter</span> <span class='ocrx_word' id='word_1_159' title='bbox 987 3454 1138 3498; x_wconf 78' lang='lat' dir='ltr'>reos·</span> <span class='ocrx_word' id='word_1_160' title='bbox 1179 3440 1375 3499; x_wconf 77' lang='lat' dir='ltr'>erant.</span> <span class='ocrx_word' id='word_1_161' title='bbox 1439 3432 1726 3515; x_wconf 79' lang='lat' dir='ltr'>(Diutius</span> <span class='ocrx_word' id='word_1_162' title='bbox 1787 3436 2093 3497; x_wconf 91' lang='lat' dir='ltr'>nimirum</span> <span class='ocrx_word' id='word_1_163' title='bbox 2144 3433 2669 3517; x_wconf 85' lang='lat' dir='ltr'>coniungendum</span> <span class='ocrx_word' id='word_1_164' title='bbox 2721 3437 2818 3497; x_wconf 87' lang='lat' dir='ltr'>est</span> <span class='ocrx_word' id='word_1_165' title='bbox 2864 3452 3010 3495; x_wconf 92' lang='lat' dir='ltr'>cum</span> 
     </span>
     <span class='ocr_line' id='line_1_23' title="bbox 760 3559 3019 3653; baseline -0.001 -29"><span class='ocrx_word' id='word_1_166' title='bbox 760 3560 985 3643; x_wconf 89' lang='lat' dir='ltr'>forma,</span> <span class='ocrx_word' id='word_1_167' title='bbox 1033 3581 1161 3625; x_wconf 91' lang='lat' dir='ltr'>non</span> <span class='ocrx_word' id='word_1_168' title='bbox 1210 3563 1444 3645; x_wconf 88' lang='lat' dir='ltr'>scripta</span> <span class='ocrx_word' id='word_1_169' title='bbox 1491 3561 1688 3635; x_wconf 33' lang='lat' dir='ltr'>verbi·</span> <span class='ocrx_word' id='word_1_170' title='bbox 1719 3580 1864 3643; x_wconf 79' lang='lat' dir='ltr'>esse,</span> <span class='ocrx_word' id='word_1_171' title='bbox 1912 3579 2078 3653; x_wconf 89' lang='lat' dir='ltr'>quae</span> <span class='ocrx_word' id='word_1_172' title='bbox 2130 3564 2340 3624; x_wconf 89' lang='lat' dir='ltr'>mente</span> <span class='ocrx_word' id='word_1_173' title='bbox 2387 3559 2743 3643; x_wconf 89' lang='lat' dir='ltr'>supplenda</span> <span class='ocrx_word' id='word_1_174' title='bbox 2788 3563 2903 3640; x_wconf 91' lang='lat' dir='ltr'>est,</span> <span class='ocrx_word' id='word_1_175' title='bbox 2942 3564 3019 3621; x_wconf 90' lang='lat' dir='ltr'>ut</span> 
     </span>
     <span class='ocr_line' id='line_1_24' title="bbox 761 3682 3016 3769; baseline -0.002 -19"><span class='ocrx_word' id='word_1_176' title='bbox 761 3704 814 3750; x_wconf 88' lang='lat' dir='ltr'>e.</span> <span class='ocrx_word' id='word_1_177' title='bbox 866 3706 916 3750; x_wconf 90' lang='lat' dir='ltr'>c.</span> <span class='ocrx_word' id='word_1_178' title='bbox 986 3688 1052 3750; x_wconf 92' lang='lat' dir='ltr'>in</span> <span class='ocrx_word' id='word_1_179' title='bbox 1123 3687 1256 3750; x_wconf 91' lang='lat' dir='ltr'>vita</span> <span class='ocrx_word' id='word_1_180' title='bbox 1325 3683 1577 3769; x_wconf 78' lang='lat' dir='ltr'>Tiberii,</span> <span class='ocrx_word' id='word_1_181' title='bbox 1645 3705 1777 3769; x_wconf 89' lang='lat' dir='ltr'>cap.</span> <span class='ocrx_word' id='word_1_182' title='bbox 1846 3686 1962 3748; x_wconf 81' lang='lat'>74:</span> <span class='ocrx_word' id='word_1_183' title='bbox 2026 3684 2154 3748; x_wconf 82' lang='lat' dir='ltr'>iam</span> <span class='ocrx_word' id='word_1_184' title='bbox 2198 3684 2311 3748; x_wconf 82' lang='lat' dir='ltr'>diu</span> <span class='ocrx_word' id='word_1_185' title='bbox 2356 3682 2672 3767; x_wconf 72' lang='lat' dir='ltr'>friyidus.)</span> <span class='ocrx_word' id='word_1_186' title='bbox 2719 3682 3016 3747; x_wconf 84' lang='lat' dir='ltr'>Facessat</span> 
     </span>
     <span class='ocr_line' id='line_1_25' title="bbox 761 3810 3015 3899; baseline -0.003 -20"><span class='ocrx_word' id='word_1_187' title='bbox 761 3834 912 3899; x_wconf 86' lang='lat' dir='ltr'>ergo</span> <span class='ocrx_word' id='word_1_188' title='bbox 962 3817 1178 3898; x_wconf 87' lang='lat' dir='ltr'>inepta</span> <span class='ocrx_word' id='word_1_189' title='bbox 1227 3814 1412 3877; x_wconf 88' lang='lat' dir='ltr'>lectio</span> <span class='ocrx_word' id='word_1_190' title='bbox 1452 3813 1905 3877; x_wconf 75' lang='lat' dir='ltr'>diuturnorum</span> <span class='ocrx_word' id='word_1_191' title='bbox 1946 3830 2196 3875; x_wconf 79' lang='lat' dir='ltr'>reorum</span> <span class='ocrx_word' id='word_1_192' title='bbox 2221 3815 2283 3874; x_wconf 97' lang='lat' dir='ltr'>et</span> <span class='ocrx_word' id='word_1_193' title='bbox 2308 3813 2401 3875; x_wconf 88' lang='lat' dir='ltr'>sic</span> <span class='ocrx_word' id='word_1_194' title='bbox 2426 3811 2675 3894; x_wconf 85' lang='lat' dir='ltr'>legatur</span> <span class='ocrx_word' id='word_1_195' title='bbox 2699 3810 3015 3873; x_wconf 89' lang='lat' dir='ltr'>sententia</span> 
     </span>
     <span class='ocr_line' id='line_1_26' title="bbox 758 3934 3013 4005; baseline -0.004 0"><span class='ocrx_word' id='word_1_196' title='bbox 758 3946 1013 4005; x_wconf 87' lang='lat' dir='ltr'>nostra:</span> <span class='ocrx_word' id='word_1_197' title='bbox 1042 3940 1284 4005; x_wconf 78' lang='lat' dir='ltr'>diutius</span> <span class='ocrx_word' id='word_1_198' title='bbox 1303 3939 1622 4004; x_wconf 80' lang='lat' dir='ltr'>variorum</span> <span class='ocrx_word' id='word_1_199' title='bbox 1644 3939 1984 4003; x_wconf 78' lang='lat' dir='ltr'>criminum</span> <span class='ocrx_word' id='word_1_200' title='bbox 2007 3957 2257 4003; x_wconf 83' lang='lat' dir='ltr'>reorum</span> <span class='ocrx_word' id='word_1_201' title='bbox 2286 3986 2301 4004; x_wconf 89' lang='lat'><strong>.</strong></span> <span class='ocrx_word' id='word_1_202' title='bbox 2332 3986 2347 4004; x_wconf 87' lang='lat'><strong>.</strong></span> <span class='ocrx_word' id='word_1_203' title='bbox 2377 3985 2392 4003; x_wconf 89' lang='lat'><strong>.</strong></span> <span class='ocrx_word' id='word_1_204' title='bbox 2422 3985 2437 4003; x_wconf 89' lang='lat'><strong>.</strong></span> <span class='ocrx_word' id='word_1_205' title='bbox 2463 3936 2722 4002; x_wconf 74' lang='lat' dir='ltr'>nomina</span> <span class='ocrx_word' id='word_1_206' title='bbox 2744 3934 3013 3999; x_wconf 79' lang='lat' dir='ltr'>abolevit.</span> 
     </span>
    </p>

    <p class='ocr_par' dir='ltr' id='par_1_8' title="bbox 753 4062 3011 4508">
     <span class='ocr_line' id='line_1_27' title="bbox 848 4062 3011 4150; baseline -0.003 -20"><span class='ocrx_word' id='word_1_207' title='bbox 848 4064 1250 4149; x_wconf 79' lang='lat' dir='ltr'>Quamquam</span> <span class='ocrx_word' id='word_1_208' title='bbox 1301 4066 1497 4150; x_wconf 90' lang='lat' dir='ltr'>probe</span> <span class='ocrx_word' id='word_1_209' title='bbox 1537 4062 1677 4129; x_wconf 57' lang='lat' dir='ltr'>‘scio</span> <span class='ocrx_word' id='word_1_210' title='bbox 1723 4065 2128 4129; x_wconf 89' lang='lat' dir='ltr'>audaciorem</span> <span class='ocrx_word' id='word_1_211' title='bbox 2181 4083 2383 4128; x_wconf 89' lang='lat' dir='ltr'>meam</span> <span class='ocrx_word' id='word_1_212' title='bbox 2425 4065 2855 4127; x_wconf 87' lang='lat' dir='ltr'>coniecturam</span> <span class='ocrx_word' id='word_1_213' title='bbox 2882 4081 3011 4125; x_wconf 94' lang='lat' dir='ltr'>non</span> 
     </span>
     <span class='ocr_line' id='line_1_28' title="bbox 753 4190 3008 4276; baseline -0.003 -19"><span class='ocrx_word' id='word_1_214' title='bbox 753 4200 995 4257; x_wconf 89' lang='lat' dir='ltr'>temere</span> <span class='ocrx_word' id='word_1_215' title='bbox 1042 4193 1475 4276; x_wconf 87' lang='lat' dir='ltr'>accipiendam</span> <span class='ocrx_word' id='word_1_216' title='bbox 1522 4210 1683 4273; x_wconf 89' lang='lat' dir='ltr'>esse,</span> <span class='ocrx_word' id='word_1_217' title='bbox 1727 4196 1942 4255; x_wconf 86' lang='lat' dir='ltr'>tamen</span> <span class='ocrx_word' id='word_1_218' title='bbox 1990 4190 2260 4255; x_wconf 86' lang='lat' dir='ltr'>firmiter</span> <span class='ocrx_word' id='word_1_219' title='bbox 2307 4191 2464 4254; x_wconf 89' lang='lat' dir='ltr'>mihi</span> <span class='ocrx_word' id='word_1_220' title='bbox 2508 4209 2884 4273; x_wconf 89' lang='lat' dir='ltr'>persuasum</span> <span class='ocrx_word' id='word_1_221' title='bbox 2912 4192 3008 4254; x_wconf 90' lang='lat' dir='ltr'>est</span> 
     </span>
     <span class='ocr_line' id='line_1_29' title="bbox 754 4314 3006 4401; baseline -0.003 -18"><span class='ocrx_word' id='word_1_222' title='bbox 754 4319 881 4383; x_wconf 91' lang='lat' dir='ltr'>tale</span> <span class='ocrx_word' id='word_1_223' title='bbox 927 4318 1083 4401; x_wconf 90' lang='lat' dir='ltr'>quid</span> <span class='ocrx_word' id='word_1_224' title='bbox 1129 4324 1454 4382; x_wconf 88' lang='lat' dir='ltr'>auctorem</span> <span class='ocrx_word' id='word_1_225' title='bbox 1495 4322 1788 4380; x_wconf 89' lang='lat' dir='ltr'>nostrum</span> <span class='ocrx_word' id='word_1_226' title='bbox 1830 4315 2108 4379; x_wconf 90' lang='lat' dir='ltr'>scribere</span> <span class='ocrx_word' id='word_1_227' title='bbox 2152 4315 2450 4380; x_wconf 88' lang='lat' dir='ltr'>voluisse.</span> <span class='ocrx_word' id='word_1_228' title='bbox 2490 4314 2767 4378; x_wconf 85' lang='lat' dir='ltr'>Videant</span> <span class='ocrx_word' id='word_1_229' title='bbox 2792 4320 3006 4378; x_wconf 88' lang='lat' dir='ltr'>tamen</span> 
     </span>
     <span class='ocr_line' id='line_1_30' title="bbox 753 4445 1086 4508; baseline -0.006 0"><span class='ocrx_word' id='word_1_230' title='bbox 753 4445 1086 4508; x_wconf 85' lang='lat' dir='ltr'>doctiores.</span> 
     </span>
    </p>
   </div>
  </div>
 </body>
</html>
