3509 5509
1603 719 1686 780 35

516 948 598 994 ex
644 949 717 994 ea
763 949 832 994 re
878 931 1279 1014 apparuisset
1326 930 1853 1013 paludamentum
1901 948 2051 994 eum
2098 928 2407 994 abiecisse
2434 935 2505 994 ut
2532 930 2762 994 melius

513 1055 879 1140 fortiusque
925 1075 1211 1140 pugnare
1257 1062 1491 1140 posset,
1539 1057 1712 1140 quod
1760 1075 1937 1120 nuno
1983 1061 2199 1120 tamen
2248 1075 2376 1120 non
2424 1056 2588 1138 feeit.

603 1182 836 1247 Levior
880 1187 1039 1246 tuno
1083 1182 1312 1246 fuisset
1359 1183 1712 1266 turpitudo,
1763 1184 2069 1266 quoniam
2120 1202 2343 1247 omnes
2392 1184 2626 1247 milites
2674 1185 2766 1244 vi-

516 1309 664 1372 dere
711 1309 1071 1392 potuissent
1117 1309 1346 1372 ducem
1397 1327 1656 1392 quoque
1703 1310 2095 1392 pugnavisse
2141 1327 2341 1392 seque
2389 1307 2768 1372 defendisse.

514 1433 706 1498 Nunc
752 1435 1274 1518 paludamentum
1323 1434 1551 1498 abiecit
1600 1453 1681 1498 ne
1723 1434 1886 1499 forte
1922 1434 2139 1516 fugam
2190 1433 2544 1518 impediret,
2590 1453 2767 1497 nuno

515 1560 594 1624 de
639 1565 841 1625 semet
884 1561 1024 1644 ipso
1071 1567 1321 1624 tantum
1371 1562 1756 1645 cogitavisse
1802 1561 2175 1644 Augustum
2225 1566 2505 1644 apparet.

605 1684 856 1761 Quibus
912 1686 990 1750 de
1036 1689 1253 1750 causis
1300 1705 1676 1769 persuasum
1729 1685 1931 1749 habeo
1979 1687 2333 1767 lectionem,
2385 1707 2575 1770 quam
2624 1707 2767 1771 pro·

515 1831 703 1896 pono,
768 1812 1064 1895 quamvis
1125 1812 1547 1887 audaciorem,
1595 1815 1808 1876 tamen
1856 1813 2117 1876 omnino
2163 1811 2583 1877 abiiciendam
2634 1832 2765 1876 non

514 1957 670 2019 esse,
739 1942 934 2021 atque
1000 1939 1200 2020 igitur
1267 1937 1438 2020 apud
1509 1936 1889 2002 Suetonium
1960 1937 2298 2020 legendum
2372 1956 2601 2002 censeo
2650 1957 2763 2021 pro

513 2085 784 2150 equoque
825 2065 1166 2150 clypeoque.

875 2324 1025 2410 Cap.
1102 2326 1202 2389 11.
1273 2324 1409 2389 Hoc
1477 2323 1626 2389 bello
1690 2345 1831 2388 eum
1891 2322 2155 2387 Hirtius
2214 2324 2281 2387 in
2342 2323 2491 2406 acie,
2539 2323 2763 2388 Pansa

946 2452 1144 2536 paulo
1185 2457 1324 2532 post
1369 2473 1444 2516 ex
1490 2451 1745 2515 vulnere
1787 2452 2111 2530 perissent,
2156 2469 2378 2514 rumor
2421 2450 2764 2514 increbruit

956 2577 1165 2642 ambos
1209 2597 1400 2657 opera
1445 2577 1578 2640 eius
1619 2577 1859 2648 occisoS,
1905 2580 1977 2638 ut
2019 2575 2295 2640 Antonio
2338 2575 2574 2659 Ῑωραίο,
2611 2597 2761 2662 rep.

960 2702 1311 2768 consulibus
1357 2702 1578 2768 orbata
1615 2702 1785 2768 solus
1820 2704 2076 2769 victores
2098 2702 2399 2768 exercitus
2421 2708 2761 2788 occuparet.

601 2942 788 3006 Hanc
833 2943 1172 3007 lectionem
1223 2940 1528 3024 praebent
1575 2942 1866 3025 plerique
1912 2942 2182 3023 codiceS,
2227 2942 2293 3005 in
2346 2940 2583 3025 quibus
2630 2960 2762 3005 om-

512 3070 692 3132 nium
765 3070 1064 3152 optimUS‚
1133 3067 1580 3132 Memmianus.
1652 3067 1831 3133 Haeo
1900 3073 1996 3133 est
2066 3088 2278 3150 eausa,
2324 3088 2443 3132 our
2486 3067 2761 3133 Rothius

511 3194 823 3258 librorum
892 3194 1066 3275 Mss.‚
1133 3194 1448 3277 imprimis
1516 3192 1908 3276 Memmiani,
1971 3195 2414 3258 auctoritatem
2478 3198 2760 3277 seoutm,

511 3321 700 3384 etiam
770 3339 946 3383 nuno
1007 3322 1075 3384 in
1123 3320 1402 3384 editione
1448 3340 1567 3383 sua
1612 3320 1949 3384 lectionem
1998 3320 2315 3401 traditam,
2364 3340 2759 3403 quamquam

512 3447 901 3529 mendosam,
969 3447 1321 3510 retinuerit.
1391 3445 1698 3510 Mendose
1766 3448 1936 3510 enim
2008 3447 2312 3510 traditum
2382 3465 2524 3511 esse
2586 3447 2761 3510 huno

512 3571 724 3636 locum
771 3573 898 3635 iam
946 3572 1248 3636 viderunt
1295 3576 1543 3636 veteres
1591 3571 1854 3654 quidam
1899 3574 2293 3655 interpretes.

598 3696 832 3761 Nostra
901 3702 1114 3762 autem
1185 3701 1388 3762 aetate
1446 3696 1757 3761 Polakius
1820 3702 2006 3763 acute
2068 3698 2322 3762 deloco
2369 3702 2586 3762 nostro
2635 3698 2763 3763 dis-

512 3825 748 3905 seruit;
833 3828 977 3906 post
1057 3841 1205 3887 eum
1289 3822 1579 3906 aliosque
1658 3823 2080 3905 doetissimoS,
2152 3827 2227 3887 ut
2294 3821 2768 3904 Burmannum,

513 3947 1063 4032 Oudendorpium,
1109 3946 1431 4030 Grusium,
1478 3967 1684 4031 pauoa
1734 3949 2045 4031 quaedam
2096 3949 2253 4012 mihi
2277 3948 2567 4011 addenda
2591 3952 2763 4011 sunt.

511 4075 841 4138 Antonius
907 4072 1168 4157 fugatus
1238 4078 1334 4138 est
1404 4078 1467 4137 et
1525 4072 1777 4158 Pansae
1835 4092 2095 4157 quoque
2140 4074 2360 4157 copiae
2405 4074 2615 4157 primo
2664 4073 2766 4137 die

510 4200 694 4265 fusae
764 4205 952 4278 sunt3
1018 4201 1374 4264 rectissime
1421 4218 1571 4283 ergo
1620 4219 1843 4265 omnes
1891 4200 2022 4265 fere
2066 4202 2446 4284 interpretes
2502 4218 2766 4264 monuo-

510 4331 666 4391 runt
713 4327 1036 4391 exereitus
1082 4326 1342 4390 victores
1391 4327 1691 4411 appellari
1736 4346 1865 4391 non
1916 4345 2119 4411 posse.
2166 4326 2405 4391 Veram
2428 4327 2763 4392 lectionem

513 4457 936 4517 servaverunt
983 4452 1111 4515 duo
1159 4451 1428 4532 codices,
1476 4451 1999 4518 Vindobonensis
2048 4458 2111 4517 et
2159 4451 2607 4536 Viterbiensis,
2656 4456 2768 4537 qui
