3509 5509
1832 661 1917 724 66

758 891 949 957 grum
1017 871 1484 936 restituendum
1555 889 1696 936 esse
1762 876 1825 936 et
1888 872 2013 937 alia
2083 874 2435 938 mutatione
2504 874 2717 940 locum
2789 893 3004 959 persa·

762 998 1069 1064 nandum.

851 1123 997 1189 Non
1059 1125 1228 1190 enim
1284 1126 1570 1190 narravit
1627 1129 1853 1190 auctor
1895 1124 2110 1190 urbem
2156 1126 2363 1192 hieme
2409 1146 2637 1211 parum
2686 1127 3007 1193 salubrem

759 1250 979 1333 fuisse,
1049 1251 1161 1315 sed
1229 1270 1478 1325 auram,
1546 1250 1610 1315 id
1679 1255 1809 1315 est:
1885 1271 2108 1316 auram
2178 1252 2482 1335 cubiculi,
2531 1253 2643 1317 ubi
2692 1255 2900 1319 hieme
2946 1259 3011 1318 et

758 1381 996 1441 aestate
1066 1377 1314 1440 mansit.
1384 1374 1577 1439 Nunc
1638 1375 1919 1460 denique
1980 1396 2201 1442 sanam
2251 1377 2563 1442 habemus
2608 1380 3009 1443 seutentiam.

757 1501 950 1566 Nunc
1019 1521 1224 1566 unum
1290 1501 1734 1566 tantummodo
1802 1504 2231 1567 continentiae
2290 1503 2578 1587 Augusti
2637 1505 3003 1588 exemplum

759 1627 940 1693 affert
984 1633 1224 1711 auctor,
1269 1628 1381 1692 sed
1426 1629 1904 1712 gravissimum,
1952 1629 2124 1712 quod
2173 1629 2429 1694 duobus
2466 1632 2862 1715 argumentis
2903 1631 3006 1696 de-

758 1758 1084 1818 monstrat.
1151 1753 1305 1819 Tam
1381 1756 1720 1819 continens
1783 1759 1917 1820 erat
1961 1756 2258 1840 princeps
2308 1763 2381 1820 ut
2424 1775 2678 1841 semper
2722 1761 3010 1821 maneret

755 1881 821 1945 in
873 1881 1094 1947 eodem
1144 1881 1462 1964 cubiculo,
1507 1881 1696 1945 cuius
1741 1901 1963 1945 auram
2013 1882 2221 1946 hieme
2258 1899 2483 1966 parum
2537 1881 2659 1974 sibi
2686 1881 3005 1947 salubrem

754 2007 1083 2072 interdum
1148 2005 1614 2092 experiebatur,
1675 2007 1788 2072 sed
1842 2009 2097 2090 quoties
2143 2027 2257 2092 per
2301 2010 2507 2092 ipsam
2555 2009 2731 2072 illam
2782 2028 3002 2073 auram

757 2134 824 2197 in
887 2133 1184 2198 morbum
1246 2132 1587 2216 incidebat,
1645 2152 1773 2197 non
1836 2132 2077 2197 idcirco
2124 2153 2206 2198 ex
2255 2134 2416 2198 urbe
2462 2133 3009 2219 proficiscebatur,

755 2260 867 2325 sed
914 2260 1358 2325 tantummodo
1405 2259 1669 2324 domum
1716 2279 1901 2324 suam
1948 2259 2353 2343 relinquebat
2396 2265 2459 2324 et
2505 2262 2571 2325 in
2622 2259 3009 2326 Maecenatis

753 2387 940 2451 domo
991 2387 1221 2451 melius
1269 2384 1723 2470 salubriusque
1770 2385 2145 2451 cubiculum
2196 2385 2556 2470 quaerebat.
2602 2384 3006 2470 Quamquam

757 2532 961 2598 aeger,
1006 2518 1218 2579 tamen
1269 2533 1521 2598 semper
1563 2516 1632 2578 in
1681 2513 1843 2579 urbe
1892 2515 2226 2580 hiemabat.

843 2640 1054 2725 Igitur
1119 2641 1240 2704 hoc
1308 2641 1496 2706 modo
1565 2644 1948 2708 sententiam
2011 2649 2293 2708 nostram
2359 2642 2690 2727 legendam
2740 2660 3004 2708 censeo:

758 2766 858 2831 Ae
911 2786 1028 2847 per
1087 2786 1286 2831 annos
1343 2767 1617 2849 amplius
1675 2770 2107 2855 quadrayinta
2150 2771 2354 2836 eodem
2398 2769 2669 2835 cubiculo
2712 2768 2905 2834 hieme
2950 2775 3007 2832 et

755 2898 988 2959 aestate
1022 2895 1277 2979 mansit,
1313 2898 1599 2981 quamvis
1630 2917 1867 2978 parum
1898 2897 2212 2962 salubrem
2235 2897 2578 2962 valitudini
2597 2916 2751 2961 suae
2774 2914 3002 2961 auram

755 3019 951 3085 hieme
992 3023 1397 3108 experiretur,
1444 3023 1813 3102 assidueque
1854 3022 1928 3082 iu
1971 3020 2120 3081 urbe
2164 3019 2477 3081 hiemaret.

1117 3284 1266 3365 Gap.
1330 3284 1364 3345 7
1373 3284 1430 3345 5.
1495 3272 1956 3356 Saturnalibus,
2000 3276 2061 3337 et
2103 3269 2161 3335 si
2203 3270 2459 3356 quando
2502 3271 2667 3336 alias
2710 3272 3003 3357 libuisset,

1196 3408 1370 3472 modo
1428 3422 1700 3479 munera
1760 3399 2085 3483 dividebat,
2143 3403 2367 3463 vestem
2412 3406 2469 3463 et
2514 3418 2745 3463 aurum
2788 3406 2845 3463 et
2890 3418 2999 3463 ar-

1192 3510 1464 3617 yeutum,
1507 3527 1683 3591 modo
1732 3546 2017 3592 nummos
2060 3526 2263 3591 omnis
2305 3529 2507 3609 notae,
2550 3525 2738 3589 etiam
2774 3530 3001 3589 veteres

1196 3658 1398 3753 reqios
1444 3676 1520 3719 ae
1565 3654 1947 3740 pereyrinos,
1992 3653 2309 3719 interdum
2345 3653 2505 3718 nibil
2516 3659 2779 3738 praeter
2798 3653 3001 3718 cilicia
3068 3638 3070 3640 ¹

1196 3788 1256 3849 et
1313 3783 1607 3868 spouyias
1631 3832 1645 3845 .
1671 3831 1685 3846 .
1713 3832 1728 3847 .
1751 3831 1765 3845 .
1831 3786 2015 3867 atque
2076 3780 2209 3844 alia
2253 3779 2324 3844 id
2361 3800 2579 3864 yenuS,
2624 3780 2826 3846 titulis
2870 3801 3000 3845 am-

1199 3908 1399 3991 biyuis
1441 3913 1501 3973 et
1544 3907 1837 3973 obscuris,

840 4146 946 4211 Sic
992 4164 1214 4211 omnes
1260 4145 1532 4227 codices,
1578 4147 1827 4228 praeter
1871 4162 2096 4225 unum,
2141 4140 2626 4206 Viterbiensem.

843 4274 1058 4339 Codex
1120 4272 1362 4337 Viterb.
1424 4270 1685 4356 praebet
1743 4271 2155 4353 scripturam:
2218 4272 2446 4332 veteres
2505 4288 2579 4332 ae
2616 4269 2999 4353 pereyriuoS,

754 4405 966 4486 atque,
1013 4403 1086 4464 ut
1131 4399 1387 4483 saepius
1434 4397 1571 4462 fieri
1623 4396 1803 4477 solet,
1851 4413 2025 4458 unus
2070 4393 2508 4458 tantummode
2552 4413 2589 4459 e
2624 4414 2855 4479 magno
2895 4416 2997 4459 co-
