3509 5509
1608 671 1692 730 25

519 877 586 940 in
652 876 1068 942 Britanniam
1128 881 1492 962 transvexit,
1553 880 1676 943 nisi
1733 885 2164 960 perscrutatus
2219 885 2276 943 et
2320 880 2779 963 naviyationem

525 1008 581 1067 et
625 1023 934 1067 accessum
979 1004 1069 1068 ad
1110 1004 1405 1068 insulam.

882 1203 1026 1282 Cap.
1079 1204 1178 1265 67.
1229 1203 1356 1267 Nec
1400 1203 1622 1268 milites
1666 1224 1767 1268 eos
1801 1224 1925 1288 pro
1971 1204 2265 1285 contione,
2305 1206 2413 1270 sed
2451 1205 2777 1270 blandiore

964 1329 1214 1393 nomine
1281 1329 1720 1394 commilitones
1786 1329 2157 1414 appellabat,
2222 1329 2598 1414 habebatque
2650 1338 2781 1394 tam

965 1452 1157 1517 cultos
1221 1459 1293 1517 ut
1357 1461 1615 1537 arycnto
1673 1461 1728 1519 et
1789 1475 1951 1519 auro
1989 1455 2203 1534 politis
2248 1456 2447 1518 armis
2496 1462 2783 1538 ornaret,

970 1578 1159 1642 simul
1226 1584 1284 1644 et
1344 1580 1433 1643 ad
1491 1580 1747 1659 speciem
1793 1585 1853 1643 et
1896 1600 2017 1664 quo
2064 1583 2403 1644 tenaciores
2450 1601 2663 1644 eorum
2708 1581 2780 1643 in

954 1703 1192 1787 proelio
1243 1709 1463 1786 essent,
1509 1710 1675 1769 metu
1721 1704 1941 1769 damni
1948 1755 1962 1769 .

613 1877 689 1940 In
765 1878 1008 1942 ultimis
1079 1879 1274 1943 huius
1345 1883 1698 1945 sententiae
1762 1880 1972 1944 verbis
2038 1900 2267 1945 rursus
2310 1880 2659 1944 incidimus
2706 1881 2773 1943 in

529 2003 837 2066 vocabula
920 2022 1334 2088 supervacua.
1413 2003 1746 2068 Emblema
1815 2024 1955 2069 esse
2024 2006 2193 2068 enim
2267 2005 2561 2086 suspicor
2626 2003 2781 2068 haec

530 2132 695 2191 metu
753 2128 989 2192 damni.
1051 2128 1294 2194 Sensus
1357 2130 1726 2214 perlucidus
1775 2136 1905 2196 est:
1956 2129 2186 2195 Caesar
2236 2131 2468 2194 milites
2516 2129 2783 2193 ornabat

532 2255 728 2317 armis
774 2254 1078 2336 preciosis
1125 2260 1198 2318 ut
1243 2258 1308 2318 in
1358 2255 1596 2340 proelio
1643 2256 2090 2339 prudentiores
2130 2261 2362 2337 essent,
2402 2274 2520 2319 nec
2543 2262 2784 2320 temere

529 2398 705 2443 arma
751 2399 870 2443 sua
915 2379 1277 2444 abiicerent.
1326 2379 1432 2444 Sic
1477 2401 1739 2466 quoque
1782 2382 2112 2446 intellexit
2155 2382 2275 2445 hoc
2315 2380 2604 2445 Caesaris
2631 2399 2784 2443 con-

531 2507 744 2571 silium
792 2507 1180 2589 Polyaenus,
1227 2509 1358 2591 qui,
1404 2508 1672 2573 fortasse
1719 2527 1803 2572 ex
1850 2509 2073 2573 eodem
2119 2508 2296 2572 fonte
2342 2508 2665 2589 haurienS,
2692 2507 2786 2570 sic

531 2639 748 2697 narrat
815 2632 970 2715 (Lib.
1042 2633 1219 2697 VIII.
1292 2653 1346 2696 c.
1420 2637 1504 2698 23
1576 2636 1614 2716 ἓ
1663 2637 1806 2716 28):
1884 2639 2155 2715 „Koefoap
2218 2639 2341 2704 τοῖς
2402 2629 2786 2712 στρατιώταις

531 2758 944 2839 παρήγγειλεν,
994 2756 1155 2823 δ’πλαι
1201 2756 1360 2838 ἔχειν
1405 2760 1518 2839 ἀρφ
1527 2758 1631 2840 ύρῳ
1669 2759 1773 2824 καὶ
1813 2762 2013 2839 χρυσῷ
2036 2758 2481 2836 πεποικιλμένοι,
2508 2756 2785 2835 μάλιστα

534 2883 643 2961 μὲν
713 2882 934 2961 κόσμου
1001 2882 1198 2964 χάριν·
1272 2885 1389 2963 οὐχ
1450 2880 1664 2958 ἥκιστα
1727 2885 1809 2957 δὲ,
1858 2881 2011 2957 ὅπως
2058 2885 2161 2948 καὶ
2210 2883 2259 2947 οἱ
2304 2886 2657 2965 στρατιῶται
2703 2881 2784 2946 τὰ

532 3008 838 3087 πολύτιμα
883 3008 1297 3091 περιμάχητοιι
1343 3010 1641 3088 ἧγοῒντο.”
1687 3009 1786 3076 De
1834 3012 2066 3091 damno
2117 3012 2275 3074 nihil
2324 3010 2477 3073 dicit
2515 3010 2786 3090 Polyae-

533 3155 674 3199 nus.
742 3136 1080 3202 Praeterea
1141 3136 1402 3201 offendit
1452 3156 1552 3201 me
1597 3137 1799 3220 locuS,
1845 3156 2039 3221 quem
2084 3139 2152 3201 in
2203 3138 2517 3202 sententia
2565 3141 2785 3200 nostra

534 3262 823 3327 obtinent
888 3263 1203 3327 vocabula
1270 3264 1478 3327 citata.
1541 3262 1874 3347 Languide
1908 3283 2113 3327 -nunc
2159 3262 2383 3328 defluit
2428 3262 2778 3341 sententia3

536 3392 675 3454 sine
744 3390 940 3453 dubio
1002 3391 1421 3474 praestitisset
1484 3389 1796 3454 scribere:
1861 3395 1918 3454 et
1962 3410 2083 3475 quo
2128 3397 2293 3454 metu
2338 3390 2560 3455 damni
2609 3395 2785 3454 tena-

532 3516 724 3581 ciores
789 3535 1000 3579 eorum
1066 3515 1132 3579 in
1187 3514 1427 3599 proelio
1492 3521 1713 3583 essent.
1789 3515 1914 3581 Sed
1977 3536 2106 3579 non
2156 3522 2309 3580 sunt
2356 3514 2667 3579 vocabula
2714 3534 2788 3579 ea

536 3640 846 3717 Suetonii,
893 3647 1047 3705 sunt
1091 3644 1416 3707 annotatio
1463 3643 1543 3706 ad
1584 3641 1968 3707 adiectivum
2010 3642 2299 3707 tenacior.
2322 3642 2542 3706 Tenax
2568 3660 2782 3705 rerum

537 3786 800 3831 suarum
847 3772 943 3831 est
997 3768 1390 3851 quicumque
1436 3786 1518 3831 ne
1565 3785 1672 3830 eas
1719 3768 1972 3831 amittat
2019 3773 2290 3832 veretur.
2339 3766 2523 3831 Miles
2572 3771 2785 3830 autem

538 3898 733 3956 tenax
779 3912 1100 3956 armorum
1153 3911 1417 3957 suorum
1467 3893 1697 3957 melius
1744 3892 2077 3977 pugnabit,
2124 3891 2356 3957 fortius
2396 3911 2465 3956 se
2493 3892 2789 3957 defendet

540 4038 730 4102 quam
777 4021 850 4101 is,
901 4020 1014 4101 qui
1060 4038 1235 4082 arma
1283 4038 1402 4082 sua
1446 4020 1632 4082 nihili
1678 4018 1847 4081 facit.
1898 4016 2083 4082 Miles
2134 4023 2329 4082 tenax
2380 4018 2583 4102 magis
2611 4016 2787 4081 dabit

538 4162 789 4227 operam
862 4162 944 4207 ne
1009 4143 1171 4208 forte
1240 4144 1454 4208 hostes
1520 4145 1715 4207 armis
1778 4145 1993 4227 ipsum
2060 4143 2350 4227 spolient.
2410 4142 2588 4207 Haec
2657 4143 2784 4205 iam

540 4270 755 4334 omnia
797 4271 1024 4334 insunt
1065 4270 1133 4332 in
1177 4270 1491 4335 adiectivo
1536 4270 1832 4353 tenacior,
1880 4274 2075 4353 atque
2118 4270 2264 4335 ideo
2310 4271 2596 4335 deleatur
2643 4289 2782 4335 em-

541 4394 751 4487 blem-a
796 4400 960 4459 metu
1003 4395 1238 4460 damni.
