3509 5509
1604 687 1683 748 41

523 899 660 962 lieri
712 897 1199 960 nomenclatoris
1251 894 1453 957 usus?
1503 891 1733 956 Omnia
1782 895 2175 976 argumenta,
2224 909 2389 974 quae
2428 884 2507 953 ad
2568 889 2775 953 locum

529 1028 820 1087 nostrum
882 1020 1349 1086 defendendum
1401 1017 1705 1083 adhibent
1750 1019 1868 1080 viri
1919 1016 2107 1100 docti,
2155 1035 2238 1080 ex
2286 1016 2406 1081 hoc
2451 1018 2593 1100 ipso
2638 1016 2779 1080 loco

527 1150 848 1214 hauriunt.
890 1148 1251 1231 Nusquam,
1290 1150 1422 1210 tota
1458 1144 1818 1226 Latinitate,
1855 1144 2069 1206 locum
2102 1143 2394 1206 invenire
2417 1159 2783 1224 possumuS,

529 1273 700 1340 unde
759 1277 1058 1358 appareat
1121 1273 1315 1335 ullam
1375 1270 1683 1334 feminam
1748 1287 2035 1351 unquam
2082 1266 2621 1332 nomenclatorem
2675 1268 2778 1330 ha·

530 1399 764 1464 baisse.
836 1397 1008 1480 Loci,
1077 1416 1239 1480 quos
1285 1397 1486 1459 citant
1531 1414 1615 1460 ex
1661 1393 1882 1476 statio,
1928 1413 2007 1459 ex
2060 1392 2351 1457 Martiale
2398 1392 2555 1473 (Lib.
2601 1374 2783 1456 vin.

529 1523 644 1607 Ep.
694 1523 998 1605 21—23),
1046 1541 1130 1586 ex
1179 1520 1430 1585 Iustino
1480 1518 1636 1599 (Lib.
1684 1518 1905 1582 XXX.
1953 1538 2003 1582 c.
2046 1520 2129 1602 2),
2176 1538 2440 1602 prorsus
2482 1520 2641 1584 alias
2678 1539 2782 1584 res

530 1653 810 1731 narrant,
871 1654 1065 1732 atque
1126 1648 1212 1729 id,
1266 1647 1436 1731 quod
1485 1648 1552 1710 in
1601 1647 1683 1710 iis
1735 1646 2127 1729 quaerimus.
2177 1644 2593 1708 Burmannus
2643 1647 2783 1728 qui-

531 1774 673 1838 dem
723 1775 788 1837 in
826 1773 955 1838 fine
994 1773 1426 1837 annotationis
1465 1790 1620 1836 suae
1643 1773 1798 1835 citat
1821 1771 2029 1835 locum
2057 1769 2253 1834 Plinii
2279 1769 2433 1851 (Lib.
2461 1769 2783 1834 XXXIII.

531 1921 582 1964 c.
649 1901 733 1983 6),
794 1901 966 1964 unde
1028 1900 1274 1963 haurit:
1340 1897 1680 1979 „Mulieres
1731 1917 1881 1961 vero
1930 1897 2159 1961 divites
2206 1902 2269 1961 et
2314 1895 2553 1979 quibus
2598 1895 2786 1959 turba

537 2043 866 2089 servorum
933 2029 1118 2106 esset,
1181 2026 1532 2107 potuerunt
1580 2040 1841 2106 quoque
1883 2040 2205 2086 servorum
2246 2040 2459 2103 causa,
2505 2039 2779 2103 quorum

538 2152 799 2215 nomina
857 2149 1255 2234 ignorabant,
1316 2149 1875 2232 nomenculatores
1908 2146 2293 2212 ‘adhibere'’
2341 2147 2595 2211 Plinius
2641 2145 2784 2212 fuse

537 2277 822 2360 disputat
889 2294 964 2340 eo
1033 2275 1172 2340 loco
1234 2275 1313 2338 de
1368 2274 1533 2338 luxu
1596 2275 1700 2339 sui
1764 2274 2086 2358 temporiS,
2133 2274 2211 2338 de
2258 2274 2603 2337 anulorum
2654 2291 2776 2337 usu

535 2409 675 2485 etc.,
737 2402 849 2466 sed
910 2420 992 2466 ne
1054 2400 1246 2466 verbo
1301 2401 1559 2484 quidem
1607 2400 1738 2464 illic
1790 2400 2175 2465 mentionem
2226 2398 2378 2463 facit
2424 2399 2785 2464 mulierum.

535 2527 713 2604 Quae
777 2527 943 2592 dixit
1000 2526 1255 2590 Plinius
1317 2526 1396 2591 de
1457 2525 2042 2590 nomenclatoribus
2104 2525 2502 2608 adhibendiS,
2547 2527 2784 2590 intelli-

535 2653 745 2739 genda
791 2658 944 2717 sunt
988 2652 1068 2717 de
1113 2653 1289 2735 viris,
1334 2671 1464 2715 non
1513 2652 1590 2716 de
1638 2651 2037 2716 mulieribus,

622 2779 977 2845 Fatendum
1043 2783 1257 2843 tamen
1321 2784 1417 2843 est
1480 2777 1864 2843 vocabulum
1922 2776 2222 2861 mulieri-3,
2269 2783 2398 2843 tam
2446 2779 2621 2843 nude
2667 2798 2776 2864 po-

535 2907 752 2987 situm,
818 2898 1141 2987 plerisque
1207 2904 1362 2968 viris
1432 2903 1638 2968 doctis
1708 2903 2147 2989 displicuisse;
2216 2904 2526 2970 librorum
2577 2910 2788 2969 tamen

537 3030 689 3095 Mss.
754 3032 1196 3094 auctoritatem
1271 3032 1600 3115 aspernari
1669 3050 1800 3093 non
1865 3032 2008 3095 ausi
2055 3036 2225 3095 sunt.
2273 3029 2397 3096 Sed
2444 3031 2524 3095 ad
2570 3032 2785 3116 ipsum

534 3155 743 3221 locum
790 3157 1126 3221 redeamus
1173 3161 1236 3220 et
1281 3156 1615 3220 videamus
1662 3156 1819 3239 quid
1867 3162 2082 3221 narret
2132 3161 2373 3221 auctor.

624 3280 1000 3346 Coniuravit
1060 3280 1375 3365 Telephus
1438 3282 1720 3365 quidam,
1769 3299 1997 3345 servus
2044 3282 2351 3347 mulieris.
2400 3281 2601 3347 Cuius
2650 3303 2790 3346 mu-

536 3409 758 3473 lieris?
807 3406 1005 3494 Quae,
1056 3427 1312 3492 quaeso,
1358 3414 1455 3473 est
1501 3408 1655 3471 haec
1702 3407 1982 3471 mulier?
2007 3406 2100 3472 -Si
2141 3426 2367 3471 verum
2408 3413 2593 3491 esset,
2618 3408 2789 3492 quod

537 3535 935 3600 contendunt
997 3553 1220 3600 omnes
1281 3536 1679 3618 interpreteS,
1727 3552 1917 3617 saepe
1962 3538 2168 3598 aetate
2214 3535 2621 3619 imperatoria
2665 3534 2791 3598 fac·
2875 3570 2880 3577 ·

539 3665 675 3725 tum
748 3680 888 3725 esse
959 3666 1030 3725 ut
1099 3661 1401 3725 mulieres
1463 3678 1724 3743 quoque
1786 3659 2373 3724 nomenclatoribus
2440 3665 2793 3744 uterentur,

539 3787 686 3851 luce
753 3787 990 3851 clarius
1060 3792 1158 3851 est
1208 3791 1530 3850 matronas
1579 3787 2023 3850 tantummodo
2075 3786 2507 3853 nobiliSsimas
2555 3787 2791 3852 ditissi-

541 3930 807 3995 masque
875 3912 1072 3977 huius
1140 3913 1393 3996 generis
1464 3931 1683 3977 servos
1754 3911 2072 3978 habuisse.
2142 3913 2213 3978 Si
2280 3920 2429 3998 ergo
2475 3914 2792 3998 Telephus

543 4038 834 4102 mulieris
903 4057 1130 4103 servus
1197 4037 1444 4121 fuisset,
1513 4040 1654 4103 sine
1720 4037 1917 4103 dubio
1988 4058 2222 4104 nomen
2283 4038 2460 4103 illius
2508 4039 2793 4104 mulieris

543 4182 656 4246 per
739 4166 934 4226 totam
1015 4162 1234 4226 urbem
1316 4164 1644 4247 cognitum
1712 4163 1960 4247 fuisset,
2030 4164 2469 4229 coniuratione
2535 4164 2795 4248 Telephi

542 4307 777 4353 nomen
845 4287 1010 4352 illud
1078 4289 1148 4351 in
1211 4290 1499 4353 omnium
1572 4307 1681 4353 ore
1746 4289 1996 4373 fuisset,
2066 4293 2146 4373 et,
2207 4290 2378 4373 quod
2441 4309 2555 4375 pro
2620 4296 2792 4356 certo

546 4412 778 4478 habere
845 4432 1210 4497 possumuS,
1246 4413 1326 4478 ad
1366 4413 1654 4480 Suetonii
1702 4434 1964 4500 quoque
2010 4436 2198 4481 aures
2246 4417 2543 4481 venisset.
2591 4415 2797 4481 Nimi-
